
<record>
  <leader>01081nam#a2200301#c#4500</leader>
  <controlfield tag="005">20210407125919.0</controlfield>
  <controlfield tag="007">tu</controlfield>
  <controlfield tag="008">880622|1983####xxu###########1||#|#####c</controlfield>
  <controlfield tag="003">DE-605</controlfield>
  <controlfield tag="001">990011470300206441</controlfield>
  <datafield tag="016" ind1="7" ind2=" ">
    <subfield code="a">230434370</subfield>
    <subfield code="2">OCoLC</subfield>
  </datafield>
  <datafield tag="020" ind1=" " ind2=" ">
    <subfield code="a">087395694X</subfield>
    <subfield code="9">0-87395-694-X</subfield>
    <subfield code="0">(uri) http://www.isbnsearch.org/isbn/087395694X</subfield>
  </datafield>
  <datafield tag="020" ind1=" " ind2=" ">
    <subfield code="a">0873956958</subfield>
    <subfield code="9">0-87395-695-8</subfield>
    <subfield code="0">(uri) http://www.isbnsearch.org/isbn/0873956958</subfield>
  </datafield>
  <datafield tag="035" ind1=" " ind2=" ">
    <subfield code="a">(DE-605)HT003109553</subfield>
  </datafield>
  <datafield tag="040" ind1=" " ind2=" ">
    <subfield code="a">385</subfield>
    <subfield code="b">ger</subfield>
    <subfield code="e">rakwb</subfield>
  </datafield>
  <datafield tag="044" ind1=" " ind2=" ">
    <subfield code="c">XD-US</subfield>
  </datafield>
  <datafield tag="245" ind1="0" ind2="0">
    <subfield code="a">What should political theory be now?</subfield>
    <subfield code="b">Essays from the Shambaugh Conference on Political Theory</subfield>
    <subfield code="c">ed. by John S. Nelson</subfield>
  </datafield>
  <datafield tag="264" ind1=" " ind2="1">
    <subfield code="a">Albany, N. Y.</subfield>
    <subfield code="b">State Univ. of New York Pr.</subfield>
    <subfield code="c">1983</subfield>
  </datafield>
  <datafield tag="300" ind1=" " ind2=" ">
    <subfield code="a">XV, 607 S.</subfield>
  </datafield>
  <datafield tag="490" ind1="0" ind2=" ">
    <subfield code="a">SUNY series in political theory</subfield>
  </datafield>
  <datafield tag="655" ind1=" " ind2="7">
    <subfield code="a">Aufsatzsammlung</subfield>
    <subfield code="0">(DE-588)4143413-4</subfield>
    <subfield code="2">gnd-content</subfield>
  </datafield>
  <datafield tag="689" ind1="0" ind2="0">
    <subfield code="a">Politische Wissenschaft</subfield>
    <subfield code="D">s</subfield>
    <subfield code="0">(DE-588)4076229-4</subfield>
    <subfield code="0">(uri) https://portal.dnb.de/opac.htm?method=simpleSearch&amp;cqlMode=true&amp;query=idn=040762297</subfield>
    <subfield code="0">(uri) http://viaf.org/viaf/sourceID/DNB|040762297</subfield>
  </datafield>
  <datafield tag="700" ind1="1" ind2=" ">
    <subfield code="a">Nelson, John S.</subfield>
    <subfield code="d">1950-</subfield>
    <subfield code="0">(DE-588)172283159</subfield>
    <subfield code="4">edt</subfield>
    <subfield code="0">(uri) https://portal.dnb.de/opac.htm?method=simpleSearch&amp;cqlMode=true&amp;query=idn=172283159</subfield>
    <subfield code="0">(uri) http://viaf.org/viaf/sourceID/DNB|172283159</subfield>
  </datafield>
  <datafield tag="711" ind1="2" ind2=" ">
    <subfield code="a">Shambaugh Conference on Political Theory</subfield>
    <subfield code="d">1981</subfield>
    <subfield code="c">Iowa City, Iowa</subfield>
    <subfield code="0">(DE-588)5216315-5</subfield>
    <subfield code="4">oth</subfield>
    <subfield code="0">(uri) https://portal.dnb.de/opac.htm?method=simpleSearch&amp;cqlMode=true&amp;query=idn=951228285</subfield>
    <subfield code="0">(uri) http://viaf.org/viaf/sourceID/DNB|951228285</subfield>
  </datafield>
  <datafield tag="964" ind1="0" ind2="s">
    <subfield code="F">030</subfield>
    <subfield code="A">a|1uc||||||37</subfield>
  </datafield>
  <datafield tag="964" ind1="0" ind2="s">
    <subfield code="F">050</subfield>
    <subfield code="A">a|||||||||||||</subfield>
  </datafield>
  <datafield tag="964" ind1="0" ind2="s">
    <subfield code="F">051</subfield>
    <subfield code="A">mk||||||</subfield>
  </datafield>
  <datafield tag="035" ind1=" " ind2=" ">
    <subfield code="a">(OCoLC)230434370</subfield>
    <subfield code="0">(uri) http://www.worldcat.org/oclc/230434370</subfield>
  </datafield>
  <datafield tag="MBD" ind1=" " ind2=" ">
    <subfield code="M">49HBZ_NETWORK</subfield>
    <subfield code="i">990011470300206441</subfield>
    <subfield code="n">HBZ Network</subfield>
  </datafield>
  <datafield tag="MBD" ind1=" " ind2=" ">
    <subfield code="M">49HBZ_ULM</subfield>
    <subfield code="i">991017361669706449</subfield>
    <subfield code="n">Universitat Munster</subfield>
  </datafield>
  <datafield tag="020" ind1=" " ind2=" ">
    <subfield code="a">087395694X</subfield>
    <subfield code="9">0-87395-694-X</subfield>
    <subfield code="M">49HBZ_ULM</subfield>
  </datafield>
  <datafield tag="020" ind1=" " ind2=" ">
    <subfield code="a">0873956958</subfield>
    <subfield code="9">0-87395-695-8</subfield>
    <subfield code="M">49HBZ_ULM</subfield>
  </datafield>
  <datafield tag="980" ind1="1" ind2="2">
    <subfield code="e">HBZ</subfield>
    <subfield code="9">LOCAL</subfield>
    <subfield code="M">49HBZ_ULM</subfield>
  </datafield>
  <datafield tag="981" ind1=" " ind2=" ">
    <subfield code="a">(DE-6)3318745</subfield>
    <subfield code="9">LOCAL</subfield>
    <subfield code="M">49HBZ_ULM</subfield>
  </datafield>
  <datafield tag="995" ind1=" " ind2=" ">
    <subfield code="a">85:689</subfield>
    <subfield code="2">akz_loc</subfield>
    <subfield code="9">LOCAL</subfield>
    <subfield code="M">49HBZ_ULM</subfield>
  </datafield>
  <datafield tag="MNG" ind1=" " ind2=" ">
    <subfield code="c">System</subfield>
    <subfield code="f">ILS</subfield>
    <subfield code="i">marc21</subfield>
    <subfield code="k">01</subfield>
    <subfield code="e">false</subfield>
    <subfield code="d">2021-04-07 12:59:19 Europe/Berlin</subfield>
    <subfield code="g">001147030-HBZ01</subfield>
    <subfield code="j">60</subfield>
    <subfield code="a">import</subfield>
    <subfield code="b">2021-04-05 12:21:21 Europe/Berlin</subfield>
  </datafield>
  <datafield tag="H52" ind1="8" ind2=" ">
    <subfield code="b">PHIL</subfield>
    <subfield code="c">PHIL_PBIB</subfield>
    <subfield code="h">G 3913/912</subfield>
    <subfield code="8">22600509690006449</subfield>
  </datafield>
  <datafield tag="HOL" ind1=" " ind2=" ">
    <subfield code="b">2022-07-11 13:07:28</subfield>
    <subfield code="8">22600509690006449</subfield>
    <subfield code="M">49HBZ_ULM</subfield>
    <subfield code="g">false</subfield>
    <subfield code="a">import</subfield>
  </datafield>
  <datafield tag="ITM" ind1=" " ind2=" ">
    <subfield code="H">22600509690006449</subfield>
    <subfield code="x">PHIL_PBIB</subfield>
    <subfield code="f">BOOK</subfield>
    <subfield code="v">PHIL_PBIB</subfield>
    <subfield code="X">AMO_TL2_FIX</subfield>
    <subfield code="U">2022-07-10 10:59:00</subfield>
    <subfield code="Y">2022-07-12 11:10:54</subfield>
    <subfield code="h">false</subfield>
    <subfield code="Q">SISIS-Ausleihz&#xE4;hler Migrationsjahr: 0 | SISIS-Ausleihz&#xE4;hler Vor-Migrationsjahr: 0 | SISIS-Ausleihz&#xE4;hler vorletztes Migrationsjahr: 0</subfield>
    <subfield code="M">49HBZ_ULM</subfield>
    <subfield code="s">1</subfield>
    <subfield code="d">8</subfield>
    <subfield code="V">import</subfield>
    <subfield code="b">Z17-045835</subfield>
    <subfield code="O">Fernleihkonditionen: 3</subfield>
    <subfield code="a">23600509680006449</subfield>
    <subfield code="R">DBS-Systematik: 0</subfield>
    <subfield code="c">G 3913/912</subfield>
    <subfield code="W">2022-07-11 13:07:28</subfield>
    <subfield code="u">PHIL</subfield>
    <subfield code="w">PHIL</subfield>
  </datafield>
</record>