
<record>
  <leader>00000nmm#a2200000#cb4500</leader>
  <controlfield tag="005">20180126105600.0</controlfield>
  <controlfield tag="007">cr#|||||||||||</controlfield>
  <controlfield tag="008">180126|2010####gw######o##|########ger#c</controlfield>
  <controlfield tag="001">990015048200206447</controlfield>
  <datafield tag="035" ind1=" " ind2=" ">
    <subfield code="a">WU000054183</subfield>
  </datafield>
  <datafield tag="035" ind1=" " ind2=" ">
    <subfield code="a">(DE-468)WU000054183</subfield>
  </datafield>
  <datafield tag="035" ind1=" " ind2=" ">
    <subfield code="a">(Aleph)001504820WUP01-Aleph</subfield>
  </datafield>
  <datafield tag="020" ind1=" " ind2=" ">
    <subfield code="a">9783825233976</subfield>
    <subfield code="9">978-3-8252-3397-6</subfield>
  </datafield>
  <datafield tag="020" ind1=" " ind2=" ">
    <subfield code="a">9783838533971</subfield>
    <subfield code="9">978-3-8385-3397-1</subfield>
  </datafield>
  <datafield tag="040" ind1=" " ind2=" ">
    <subfield code="a">468</subfield>
    <subfield code="a">UTB</subfield>
    <subfield code="b">ger</subfield>
    <subfield code="e">rakddb</subfield>
  </datafield>
  <datafield tag="041" ind1=" " ind2=" ">
    <subfield code="a">ger</subfield>
  </datafield>
  <datafield tag="044" ind1=" " ind2=" ">
    <subfield code="c">XA-DE</subfield>
  </datafield>
  <datafield tag="100" ind1="1" ind2=" ">
    <subfield code="a">Heimes, Silke</subfield>
    <subfield code="d">1968-</subfield>
    <subfield code="0">(DE-588)120791471</subfield>
    <subfield code="4">aut</subfield>
    <subfield code="0">(uri) https://portal.dnb.de/opac.htm?method=simpleSearch&amp;cqlMode=true&amp;query=idn=120791471</subfield>
    <subfield code="0">(uri) http://viaf.org/viaf/sourceID/DNB|120791471</subfield>
  </datafield>
  <datafield tag="245" ind1="1" ind2="0">
    <subfield code="a">K&#xFC;nstlerische Therapien</subfield>
    <subfield code="h">Elektronische Ressource</subfield>
    <subfield code="b">ein intermedialer Ansatz</subfield>
    <subfield code="c">Silke Heimes</subfield>
  </datafield>
  <datafield tag="264" ind1=" " ind2="1">
    <subfield code="a">Stuttgart</subfield>
    <subfield code="b">UTB GmbH</subfield>
    <subfield code="a">G&#xF6;ttingen</subfield>
    <subfield code="b">Vandenhoeck &amp; Ruprecht</subfield>
    <subfield code="c">2010</subfield>
  </datafield>
  <datafield tag="300" ind1=" " ind2=" ">
    <subfield code="a">Online Ressource (139 S.)</subfield>
  </datafield>
  <datafield tag="490" ind1="0" ind2=" ">
    <subfield code="a">UTB</subfield>
    <subfield code="v">3397 : Psychologie</subfield>
  </datafield>
  <datafield tag="490" ind1="0" ind2=" ">
    <subfield code="a">utb-studi-e-book</subfield>
  </datafield>
  <datafield tag="520" ind1=" " ind2=" ">
    <subfield code="a">Silke Heimes gibt einen knappen und doch umfassenden &#xDC;berblick &#xFC;ber die K&#xFC;nstlerischen Therapien und ihre jeweiligen M&#xF6;glichkeiten und Wirkungen in der psychotherapeutischen Arbeit. In Deutschland haben sich vor allem Kunst-, Gestaltungs-, Musik-, Tanz- und Dramatherapie etabliert. Besonders hervorzuheben ist das Kapitel zu den praxisorientierten Anwendungen, das in leicht nachvollziehbarer und &#xFC;bersichtlicher Form verschiedene Settings dokumentiert. Dieser Titel ist auf verschiedenen e-Book-Plattformen (Amazon, Libreka, Libri) auch als e-Pub-Version f&#xFC;r mobile Leseger&#xE4;te verf&#xFC;gbar.</subfield>
  </datafield>
  <datafield tag="856" ind1="4" ind2="0">
    <subfield code="u">http://www.utb-studi-e-book.de/9783838533971</subfield>
    <subfield code="x">Verlag</subfield>
  </datafield>
  <datafield tag="912" ind1=" " ind2=" ">
    <subfield code="a">ZDB-41-UTB</subfield>
  </datafield>
  <datafield tag="912" ind1=" " ind2=" ">
    <subfield code="a">ZDB-41-UTBL</subfield>
  </datafield>
  <datafield tag="912" ind1=" " ind2=" ">
    <subfield code="a">ZDB-41-UTBL11</subfield>
  </datafield>
  <datafield tag="962" ind1=" " ind2=" ">
    <subfield code="e">ZDB-41-UTB</subfield>
    <subfield code="e">ZDB-41-UTBL</subfield>
    <subfield code="e">ZDB-41-UTBL11</subfield>
  </datafield>
  <datafield tag="MBD" ind1=" " ind2=" ">
    <subfield code="M">49HBZ_WUP</subfield>
    <subfield code="i">990015048200206447</subfield>
    <subfield code="n">Bergische Universit&#xE4;t Wuppertal</subfield>
  </datafield>
  <datafield tag="MNG" ind1=" " ind2=" ">
    <subfield code="c">System</subfield>
    <subfield code="f">ILS</subfield>
    <subfield code="i">marc21</subfield>
    <subfield code="k">01</subfield>
    <subfield code="e">false</subfield>
    <subfield code="d">2022-06-12 04:01:41 Europe/Berlin</subfield>
    <subfield code="g">001504820-WUP01</subfield>
    <subfield code="j">60</subfield>
    <subfield code="a">import</subfield>
    <subfield code="b">2021-04-06 10:48:44 Europe/Berlin</subfield>
  </datafield>
  <datafield tag="POR" ind1=" " ind2=" ">
    <subfield code="j">UTB studi-e-book</subfield>
    <subfield code="x">System</subfield>
    <subfield code="a">53155148780006447</subfield>
    <subfield code="M">49HBZ_WUP</subfield>
    <subfield code="p">61161360890006447</subfield>
    <subfield code="q">UTB studi-e-book</subfield>
    <subfield code="c">param</subfield>
    <subfield code="B">UTB studi ebooks in der utb elibrary</subfield>
    <subfield code="o">613230000000000147</subfield>
    <subfield code="y">2021-09-10 12:32:53 Europe/Berlin</subfield>
    <subfield code="w">2021-04-07 11:22:43 Europe/Berlin</subfield>
    <subfield code="D">https://eu04.alma.exlibrisgroup.com/view/uresolver/49HBZ_NETWORK/openurl?u.ignore_date_coverage=true&amp;portfolio_pid=53155148780006447&amp;Force_direct=true</subfield>
    <subfield code="v">P2E_JOB</subfield>
    <subfield code="z">2021-04-07 09:22:43</subfield>
    <subfield code="i">false</subfield>
    <subfield code="S">62161360880006447</subfield>
    <subfield code="d">https://hbz-network.userservices.exlibrisgroup.com/view/uresolver/49HBZ_NETWORK/openurl?u.ignore_date_coverage=true&amp;rft.mms_id=990015048200206447</subfield>
    <subfield code="b">Available</subfield>
    <subfield code="f">BOOK</subfield>
    <subfield code="8">53155148780006447</subfield>
  </datafield>
</record>