
<record>
  <leader>00889ncm#a2200289#c#4500</leader>
  <controlfield tag="005">20210407144128.0</controlfield>
  <controlfield tag="007">qu</controlfield>
  <controlfield tag="008">920828|1989####gw#uu|##################c</controlfield>
  <controlfield tag="003">DE-605</controlfield>
  <controlfield tag="001">990016782920206441</controlfield>
  <datafield tag="016" ind1="7" ind2=" ">
    <subfield code="a">1068203015</subfield>
    <subfield code="2">OCoLC</subfield>
  </datafield>
  <datafield tag="024" ind1="2" ind2=" ">
    <subfield code="a">M204421206</subfield>
  </datafield>
  <datafield tag="028" ind1="5" ind2="2">
    <subfield code="a">N 2120</subfield>
  </datafield>
  <datafield tag="035" ind1=" " ind2=" ">
    <subfield code="a">(DE-605)HT004285445</subfield>
  </datafield>
  <datafield tag="040" ind1=" " ind2=" ">
    <subfield code="a">HBZ/OZK</subfield>
    <subfield code="b">ger</subfield>
    <subfield code="d">1156</subfield>
    <subfield code="e">rakwb</subfield>
  </datafield>
  <datafield tag="044" ind1=" " ind2=" ">
    <subfield code="c">XA-DE</subfield>
  </datafield>
  <datafield tag="100" ind1="1" ind2=" ">
    <subfield code="a">Molsen, Uli</subfield>
    <subfield code="d">1947-</subfield>
    <subfield code="0">(DE-588)134465202</subfield>
    <subfield code="4">cmp</subfield>
    <subfield code="0">(uri) https://portal.dnb.de/opac.htm?method=simpleSearch&amp;cqlMode=true&amp;query=idn=134465202</subfield>
    <subfield code="0">(uri) http://viaf.org/viaf/sourceID/DNB|134465202</subfield>
  </datafield>
  <datafield tag="245" ind1="1" ind2="0">
    <subfield code="a">Erleben - Verstehen - Lernen</subfield>
    <subfield code="h">Musikdruck</subfield>
    <subfield code="b">Klavierschule f&#xFC;r Erwachsene</subfield>
    <subfield code="c">Uli Molsen</subfield>
  </datafield>
  <datafield tag="264" ind1=" " ind2="1">
    <subfield code="a">Wilhelmshaven</subfield>
    <subfield code="b">Heinrichshofen</subfield>
    <subfield code="c">c 1989</subfield>
  </datafield>
  <datafield tag="300" ind1=" " ind2=" ">
    <subfield code="a">80 S. + lose Beil.</subfield>
  </datafield>
  <datafield tag="688" ind1=" " ind2="7">
    <subfield code="2">SW-Musik</subfield>
    <subfield code="a">Klavier / Lehrmittel</subfield>
  </datafield>
  <datafield tag="770" ind1="0" ind2="8">
    <subfield code="i">Beil.</subfield>
    <subfield code="t">T&#xE4;gliche Einspiel-&#xDC;bungen</subfield>
  </datafield>
  <datafield tag="964" ind1="0" ind2="s">
    <subfield code="F">030</subfield>
    <subfield code="A">a|1uc||||||17</subfield>
  </datafield>
  <datafield tag="964" ind1="0" ind2="s">
    <subfield code="F">050</subfield>
    <subfield code="A">a|||||||||||||</subfield>
  </datafield>
  <datafield tag="964" ind1="0" ind2="s">
    <subfield code="F">051</subfield>
    <subfield code="A">mm||||||</subfield>
  </datafield>
  <datafield tag="035" ind1=" " ind2=" ">
    <subfield code="a">(OCoLC)1068203015</subfield>
    <subfield code="0">(uri) http://www.worldcat.org/oclc/1068203015</subfield>
  </datafield>
  <datafield tag="035" ind1=" " ind2=" ">
    <subfield code="a">(DE-599)HBZHT004285445</subfield>
  </datafield>
  <datafield tag="MBD" ind1=" " ind2=" ">
    <subfield code="M">49HBZ_NETWORK</subfield>
    <subfield code="i">990016782920206441</subfield>
    <subfield code="n">HBZ Network</subfield>
  </datafield>
  <datafield tag="MBD" ind1=" " ind2=" ">
    <subfield code="M">49HBZ_FUK</subfield>
    <subfield code="i">990002163320306459</subfield>
    <subfield code="n">Folkwang Universit&#xE4;t der K&#xFC;nste Essen</subfield>
  </datafield>
  <datafield tag="983" ind1=" " ind2=" ">
    <subfield code="a">C 10</subfield>
    <subfield code="9">LOCAL</subfield>
    <subfield code="M">49HBZ_FUK</subfield>
  </datafield>
  <datafield tag="MBD" ind1=" " ind2=" ">
    <subfield code="M">49HBZ_ULM</subfield>
    <subfield code="i">991024519199706449</subfield>
    <subfield code="n">Universitat Munster</subfield>
  </datafield>
  <datafield tag="980" ind1="1" ind2="2">
    <subfield code="e">HBZ</subfield>
    <subfield code="9">LOCAL</subfield>
    <subfield code="M">49HBZ_ULM</subfield>
  </datafield>
  <datafield tag="981" ind1=" " ind2=" ">
    <subfield code="a">(DE-6)5883915</subfield>
    <subfield code="9">LOCAL</subfield>
    <subfield code="M">49HBZ_ULM</subfield>
  </datafield>
  <datafield tag="995" ind1=" " ind2=" ">
    <subfield code="a">78/2001 6/286</subfield>
    <subfield code="2">akz_loc</subfield>
    <subfield code="9">LOCAL</subfield>
    <subfield code="M">49HBZ_ULM</subfield>
  </datafield>
  <datafield tag="MNG" ind1=" " ind2=" ">
    <subfield code="c">System</subfield>
    <subfield code="f">ILS</subfield>
    <subfield code="i">marc21</subfield>
    <subfield code="k">01</subfield>
    <subfield code="e">false</subfield>
    <subfield code="d">2021-04-07 14:41:28 Europe/Berlin</subfield>
    <subfield code="g">001678292-HBZ01</subfield>
    <subfield code="j">60</subfield>
    <subfield code="a">import</subfield>
    <subfield code="b">2021-04-05 14:31:40 Europe/Berlin</subfield>
  </datafield>
  <datafield tag="H52" ind1="8" ind2="1">
    <subfield code="b">Z9036</subfield>
    <subfield code="c">FHA</subfield>
    <subfield code="h">C 10 / MolU / Erle</subfield>
    <subfield code="8">2211409310006459</subfield>
  </datafield>
  <datafield tag="HOL" ind1=" " ind2=" ">
    <subfield code="d">2022-08-26 12:03:02</subfield>
    <subfield code="8">2211409310006459</subfield>
    <subfield code="b">2022-06-19 11:14:29</subfield>
    <subfield code="M">49HBZ_FUK</subfield>
    <subfield code="g">false</subfield>
    <subfield code="a">import</subfield>
    <subfield code="c">System</subfield>
  </datafield>
  <datafield tag="ITM" ind1=" " ind2=" ">
    <subfield code="H">2211409310006459</subfield>
    <subfield code="x">FHA</subfield>
    <subfield code="f">SCORE</subfield>
    <subfield code="v">FHA</subfield>
    <subfield code="p">04</subfield>
    <subfield code="X">System</subfield>
    <subfield code="U">2003-12-12 10:59:00</subfield>
    <subfield code="Y">2022-07-20 19:23:39</subfield>
    <subfield code="h">false</subfield>
    <subfield code="n">C 10 / MolU / Erle</subfield>
    <subfield code="M">49HBZ_FUK</subfield>
    <subfield code="s">0</subfield>
    <subfield code="d">8</subfield>
    <subfield code="V">import</subfield>
    <subfield code="b">E1000000037300</subfield>
    <subfield code="a">2311409300006459</subfield>
    <subfield code="R">Maintenance count: 026</subfield>
    <subfield code="c">C 10 / MolU / Erle</subfield>
    <subfield code="r">TRANSIT</subfield>
    <subfield code="B">644 / 93</subfield>
    <subfield code="D">20031212</subfield>
    <subfield code="W">2003-12-12 11:59:00</subfield>
    <subfield code="u">Z9036</subfield>
    <subfield code="w">Z9036</subfield>
  </datafield>
  <datafield tag="H52" ind1="8" ind2=" ">
    <subfield code="b">MUPA</subfield>
    <subfield code="c">MUPA_BIB</subfield>
    <subfield code="h">P KLS Mol 4.1</subfield>
    <subfield code="8">22506545990006449</subfield>
  </datafield>
  <datafield tag="HOL" ind1=" " ind2=" ">
    <subfield code="b">2022-07-11 09:03:36</subfield>
    <subfield code="8">22506545990006449</subfield>
    <subfield code="M">49HBZ_ULM</subfield>
    <subfield code="g">false</subfield>
    <subfield code="a">import</subfield>
  </datafield>
  <datafield tag="ITM" ind1=" " ind2=" ">
    <subfield code="H">22506545990006449</subfield>
    <subfield code="x">MUPA_BIB</subfield>
    <subfield code="f">BOOK</subfield>
    <subfield code="v">MUPA_BIB</subfield>
    <subfield code="X">AMO_TL2_FIX</subfield>
    <subfield code="U">2022-07-10 10:59:00</subfield>
    <subfield code="Y">2022-07-12 11:10:54</subfield>
    <subfield code="h">false</subfield>
    <subfield code="J">lose Bl&#xE4;tter fehlen</subfield>
    <subfield code="Q">SISIS-Ausleihz&#xE4;hler Migrationsjahr: 0 | SISIS-Ausleihz&#xE4;hler Vor-Migrationsjahr: 0 | SISIS-Ausleihz&#xE4;hler vorletztes Migrationsjahr: 0</subfield>
    <subfield code="M">49HBZ_ULM</subfield>
    <subfield code="s">1</subfield>
    <subfield code="d">8</subfield>
    <subfield code="V">import</subfield>
    <subfield code="b">Z156-011049</subfield>
    <subfield code="O">Fernleihkonditionen: 3</subfield>
    <subfield code="a">23506545980006449</subfield>
    <subfield code="R">DBS-Systematik: 0</subfield>
    <subfield code="c">P KLS Mol 4.1</subfield>
    <subfield code="W">2022-07-11 09:03:36</subfield>
    <subfield code="u">MUPA</subfield>
    <subfield code="w">MUPA</subfield>
  </datafield>
</record>