
<record>
  <leader>00903nam#a2200301#c#4500</leader>
  <controlfield tag="005">20210407163229.0</controlfield>
  <controlfield tag="007">tu</controlfield>
  <controlfield tag="008">990712|1976####xxu###########|||#|#ger#c</controlfield>
  <controlfield tag="003">DE-605</controlfield>
  <controlfield tag="001">990021367710206441</controlfield>
  <datafield tag="016" ind1="7" ind2=" ">
    <subfield code="a">265495256</subfield>
    <subfield code="2">OCoLC</subfield>
  </datafield>
  <datafield tag="020" ind1=" " ind2=" ">
    <subfield code="a">0256018243</subfield>
    <subfield code="9">0-256-01824-3</subfield>
    <subfield code="0">(uri) http://www.isbnsearch.org/isbn/0256018243</subfield>
  </datafield>
  <datafield tag="035" ind1=" " ind2=" ">
    <subfield code="a">(DE-605)HT005207972</subfield>
  </datafield>
  <datafield tag="040" ind1=" " ind2=" ">
    <subfield code="a">361</subfield>
    <subfield code="b">ger</subfield>
    <subfield code="d">385</subfield>
    <subfield code="e">rakwb</subfield>
  </datafield>
  <datafield tag="041" ind1=" " ind2=" ">
    <subfield code="a">ger</subfield>
  </datafield>
  <datafield tag="044" ind1=" " ind2=" ">
    <subfield code="c">XD-US</subfield>
  </datafield>
  <datafield tag="100" ind1="1" ind2=" ">
    <subfield code="a">Marshall, Ray</subfield>
    <subfield code="4">aut</subfield>
  </datafield>
  <datafield tag="245" ind1="1" ind2="0">
    <subfield code="a">Labor economics</subfield>
    <subfield code="b">wages, employment, and trade unionism</subfield>
    <subfield code="c">F. Ray Marshall ; Allan M. Cartter ; Allan G. King</subfield>
  </datafield>
  <datafield tag="250" ind1=" " ind2=" ">
    <subfield code="a">3. ed.</subfield>
  </datafield>
  <datafield tag="264" ind1=" " ind2="1">
    <subfield code="a">Homewood, Ill.</subfield>
    <subfield code="b">Irwin</subfield>
    <subfield code="c">1976</subfield>
  </datafield>
  <datafield tag="300" ind1=" " ind2=" ">
    <subfield code="a">XIV, 633 S.</subfield>
  </datafield>
  <datafield tag="689" ind1="0" ind2="0">
    <subfield code="a">Arbeits&#xF6;konomie</subfield>
    <subfield code="D">s</subfield>
    <subfield code="0">(DE-588)4322126-9</subfield>
    <subfield code="0">(uri) https://portal.dnb.de/opac.htm?method=simpleSearch&amp;cqlMode=true&amp;query=idn=043221262</subfield>
    <subfield code="0">(uri) http://viaf.org/viaf/sourceID/DNB|043221262</subfield>
  </datafield>
  <datafield tag="700" ind1="1" ind2=" ">
    <subfield code="a">Cartter, Allan Murray</subfield>
    <subfield code="0">(DE-588)127022538</subfield>
    <subfield code="4">aut</subfield>
    <subfield code="0">(uri) https://portal.dnb.de/opac.htm?method=simpleSearch&amp;cqlMode=true&amp;query=idn=127022538</subfield>
    <subfield code="0">(uri) http://viaf.org/viaf/sourceID/DNB|127022538</subfield>
  </datafield>
  <datafield tag="700" ind1="1" ind2=" ">
    <subfield code="a">King, Allan G.</subfield>
    <subfield code="4">aut</subfield>
  </datafield>
  <datafield tag="964" ind1="0" ind2="s">
    <subfield code="F">030</subfield>
    <subfield code="A">a|1uc||||||17</subfield>
  </datafield>
  <datafield tag="964" ind1="0" ind2="s">
    <subfield code="F">050</subfield>
    <subfield code="A">a|||||||||||||</subfield>
  </datafield>
  <datafield tag="964" ind1="0" ind2="s">
    <subfield code="F">051</subfield>
    <subfield code="A">m|||||||</subfield>
  </datafield>
  <datafield tag="035" ind1=" " ind2=" ">
    <subfield code="a">(OCoLC)265495256</subfield>
    <subfield code="0">(uri) http://www.worldcat.org/oclc/265495256</subfield>
  </datafield>
  <datafield tag="MBD" ind1=" " ind2=" ">
    <subfield code="M">49HBZ_NETWORK</subfield>
    <subfield code="i">990021367710206441</subfield>
    <subfield code="n">HBZ Network</subfield>
  </datafield>
  <datafield tag="MBD" ind1=" " ind2=" ">
    <subfield code="M">49HBZ_UBD</subfield>
    <subfield code="i">991012396599706445</subfield>
    <subfield code="n">Technische Universit&#xE4;t Dortmund</subfield>
  </datafield>
  <datafield tag="020" ind1=" " ind2=" ">
    <subfield code="a">0256018243</subfield>
    <subfield code="9">0-256-01824-3</subfield>
    <subfield code="M">49HBZ_UBD</subfield>
  </datafield>
  <datafield tag="980" ind1="1" ind2=" ">
    <subfield code="e">HBZ</subfield>
    <subfield code="9">LOCAL</subfield>
    <subfield code="M">49HBZ_UBD</subfield>
  </datafield>
  <datafield tag="981" ind1=" " ind2=" ">
    <subfield code="a">(DE-290)550572</subfield>
    <subfield code="9">LOCAL</subfield>
    <subfield code="M">49HBZ_UBD</subfield>
  </datafield>
  <datafield tag="997" ind1=" " ind2=" ">
    <subfield code="a">19990727</subfield>
    <subfield code="9">LOCAL</subfield>
    <subfield code="M">49HBZ_UBD</subfield>
  </datafield>
  <datafield tag="MBD" ind1=" " ind2=" ">
    <subfield code="M">49HBZ_PAD</subfield>
    <subfield code="i">990014134660106463</subfield>
    <subfield code="n">Universitat Paderborn</subfield>
  </datafield>
  <datafield tag="020" ind1=" " ind2=" ">
    <subfield code="a">0256018243</subfield>
    <subfield code="9">0-256-01824-3</subfield>
    <subfield code="M">49HBZ_PAD</subfield>
  </datafield>
  <datafield tag="981" ind1=" " ind2=" ">
    <subfield code="a">001413466</subfield>
    <subfield code="l">doclib</subfield>
    <subfield code="9">LOCAL</subfield>
    <subfield code="M">49HBZ_PAD</subfield>
  </datafield>
  <datafield tag="MBD" ind1=" " ind2=" ">
    <subfield code="M">49HBZ_BIE</subfield>
    <subfield code="i">991020595659706442</subfield>
    <subfield code="n">Universit&#xE4;t Bielefeld</subfield>
  </datafield>
  <datafield tag="020" ind1=" " ind2=" ">
    <subfield code="a">0256018243</subfield>
    <subfield code="9">0-256-01824-3</subfield>
    <subfield code="M">49HBZ_BIE</subfield>
  </datafield>
  <datafield tag="980" ind1="1" ind2=" ">
    <subfield code="e">HBZ</subfield>
    <subfield code="9">LOCAL</subfield>
    <subfield code="M">49HBZ_BIE</subfield>
  </datafield>
  <datafield tag="981" ind1=" " ind2=" ">
    <subfield code="a">(DE-361)1151740</subfield>
    <subfield code="9">LOCAL</subfield>
    <subfield code="M">49HBZ_BIE</subfield>
  </datafield>
  <datafield tag="983" ind1=" " ind2=" ">
    <subfield code="b">SL300</subfield>
    <subfield code="b">SL850.VS</subfield>
    <subfield code="9">LOCAL</subfield>
    <subfield code="M">49HBZ_BIE</subfield>
  </datafield>
  <datafield tag="997" ind1=" " ind2=" ">
    <subfield code="a">20020121</subfield>
    <subfield code="9">LOCAL</subfield>
    <subfield code="M">49HBZ_BIE</subfield>
  </datafield>
  <datafield tag="MNG" ind1=" " ind2=" ">
    <subfield code="c">System</subfield>
    <subfield code="f">ILS</subfield>
    <subfield code="i">marc21</subfield>
    <subfield code="k">01</subfield>
    <subfield code="e">false</subfield>
    <subfield code="d">2021-04-07 16:32:29 Europe/Berlin</subfield>
    <subfield code="g">002136771-HBZ01</subfield>
    <subfield code="j">60</subfield>
    <subfield code="a">import</subfield>
    <subfield code="b">2021-04-06 02:37:16 Europe/Berlin</subfield>
  </datafield>
  <datafield tag="H52" ind1=" " ind2=" ">
    <subfield code="b">ZB</subfield>
    <subfield code="c">Freihand</subfield>
    <subfield code="8">22198604470006445</subfield>
  </datafield>
  <datafield tag="HOL" ind1=" " ind2=" ">
    <subfield code="b">2021-04-19 15:32:52</subfield>
    <subfield code="8">22198604470006445</subfield>
    <subfield code="M">49HBZ_UBD</subfield>
    <subfield code="g">false</subfield>
    <subfield code="a">import</subfield>
  </datafield>
  <datafield tag="H52" ind1=" " ind2=" ">
    <subfield code="b">SFS</subfield>
    <subfield code="c">Freihand</subfield>
    <subfield code="8">22210155990006445</subfield>
  </datafield>
  <datafield tag="HOL" ind1=" " ind2=" ">
    <subfield code="d">2021-05-12 17:57:22</subfield>
    <subfield code="8">22210155990006445</subfield>
    <subfield code="b">2021-05-12 17:57:20</subfield>
    <subfield code="M">49HBZ_UBD</subfield>
    <subfield code="g">false</subfield>
    <subfield code="a">System</subfield>
    <subfield code="c">System</subfield>
  </datafield>
  <datafield tag="ITM" ind1=" " ind2=" ">
    <subfield code="H">22210155990006445</subfield>
    <subfield code="x">Freihand</subfield>
    <subfield code="f">BOOK</subfield>
    <subfield code="v">Freihand</subfield>
    <subfield code="X">System</subfield>
    <subfield code="U">2021-04-19 10:59:00</subfield>
    <subfield code="Y">2021-05-12 17:57:28</subfield>
    <subfield code="h">false</subfield>
    <subfield code="n">5200/Mars</subfield>
    <subfield code="G">1</subfield>
    <subfield code="M">49HBZ_UBD</subfield>
    <subfield code="s">1</subfield>
    <subfield code="d">#</subfield>
    <subfield code="V">import</subfield>
    <subfield code="L">ClassificationNo: 0 | SISIS-Magazindrucker: 3 | HBZ01: HT005207972</subfield>
    <subfield code="b">20098056</subfield>
    <subfield code="O">SISIS-Ausleihz&#xE4;hler vorletztes Migrationsjahr: 0 | SISIS-Vormerkz&#xE4;hler Migrationsjahr: 0 | SISIS-Buchdaten-Aufnahmedatum: 2011-02-23</subfield>
    <subfield code="N">Fernleihkonditionen: 3 | Sigel: 290 | Klassifikation: 0 | Altersbegrenzung: 0 | SISIS-Ausleihz&#xE4;hler Migrationsjahr: 0 | SISIS-Ausleihz&#xE4;hler Vor-Migrationsjahr: 0</subfield>
    <subfield code="a">23198604440006445</subfield>
    <subfield code="W">2021-04-19 15:32:52</subfield>
    <subfield code="u">SFS</subfield>
    <subfield code="w">SFS</subfield>
  </datafield>
  <datafield tag="ITM" ind1=" " ind2=" ">
    <subfield code="H">22198604470006445</subfield>
    <subfield code="x">Freihand</subfield>
    <subfield code="f">BOOK</subfield>
    <subfield code="v">Freihand</subfield>
    <subfield code="X">System</subfield>
    <subfield code="U">2021-04-19 10:59:00</subfield>
    <subfield code="Y">2021-04-19 15:33:20</subfield>
    <subfield code="h">false</subfield>
    <subfield code="n">F 29772</subfield>
    <subfield code="G">1</subfield>
    <subfield code="M">49HBZ_UBD</subfield>
    <subfield code="s">1</subfield>
    <subfield code="d">#</subfield>
    <subfield code="V">import</subfield>
    <subfield code="L">ClassificationNo: 700 | SISIS-Magazindrucker: 0 | HBZ01: HT005207972</subfield>
    <subfield code="b">186573</subfield>
    <subfield code="O">SISIS-Ausleihz&#xE4;hler vorletztes Migrationsjahr: 0 | SISIS-Vormerkz&#xE4;hler Migrationsjahr: 0</subfield>
    <subfield code="N">Fernleihkonditionen: 0 | Sigel: 290 | Klassifikation: 700 | Altersbegrenzung: 0 | SISIS-Ausleihz&#xE4;hler Migrationsjahr: 0 | SISIS-Ausleihz&#xE4;hler Vor-Migrationsjahr: 0</subfield>
    <subfield code="a">23198604460006445</subfield>
    <subfield code="W">2021-04-19 15:32:52</subfield>
    <subfield code="u">ZB</subfield>
    <subfield code="w">ZB</subfield>
  </datafield>
  <datafield tag="H52" ind1="8" ind2=" ">
    <subfield code="b">UB_BI</subfield>
    <subfield code="c">13W_Mono</subfield>
    <subfield code="h">SL800 M367(3)</subfield>
    <subfield code="8">22251929380006442</subfield>
  </datafield>
  <datafield tag="HOL" ind1=" " ind2=" ">
    <subfield code="b">2021-04-19 04:39:29</subfield>
    <subfield code="8">22251929380006442</subfield>
    <subfield code="M">49HBZ_BIE</subfield>
    <subfield code="g">false</subfield>
    <subfield code="a">import</subfield>
  </datafield>
  <datafield tag="ITM" ind1=" " ind2=" ">
    <subfield code="H">22251929380006442</subfield>
    <subfield code="x">13W_Mono</subfield>
    <subfield code="f">BOOK</subfield>
    <subfield code="v">13W_Mono</subfield>
    <subfield code="p">item_08</subfield>
    <subfield code="X">Cutover_Fix_OSID</subfield>
    <subfield code="U">2021-04-18 10:59:00</subfield>
    <subfield code="Y">2021-04-19 04:39:56</subfield>
    <subfield code="h">false</subfield>
    <subfield code="M">49HBZ_BIE</subfield>
    <subfield code="s">1</subfield>
    <subfield code="d">8</subfield>
    <subfield code="V">import</subfield>
    <subfield code="L">Abteilung/Standort/Haushaltsstufe: 13 | SISIS-Magazindrucker: 0 | HBZ01: HT005207972 | Keine Beilagen: 1</subfield>
    <subfield code="b">138/1155937+01</subfield>
    <subfield code="O">SISIS-Ausleihz&#xE4;hler vorletztes Migrationsjahr: 0 | SISIS-Vormerkz&#xE4;hler Migrationsjahr: 0 | SISIS-Buchdaten-Aufnahmedatum: 2002-01-29</subfield>
    <subfield code="N">Fernleihkonditionen: 0 | Sigel: 361 | Klassifikation: 13W_Mono | Altersbegrenzung: 0 | SISIS-Ausleihz&#xE4;hler Migrationsjahr: 0 | SISIS-Ausleihz&#xE4;hler Vor-Migrationsjahr: 0</subfield>
    <subfield code="a">23251929370006442</subfield>
    <subfield code="c">SL800 M367(3)</subfield>
    <subfield code="W">2021-04-19 04:39:29</subfield>
    <subfield code="u">UB_BI</subfield>
    <subfield code="w">UB_BI</subfield>
  </datafield>
</record>