
<record>
  <leader>00919ntm#a22002892c#4500</leader>
  <controlfield tag="005">20210407170751.0</controlfield>
  <controlfield tag="007">tu</controlfield>
  <controlfield tag="008">980429|1875####xx#######d####|||#|#chi#c</controlfield>
  <controlfield tag="003">DE-605</controlfield>
  <controlfield tag="001">990033263300206441</controlfield>
  <datafield tag="016" ind1="7" ind2=" ">
    <subfield code="a">1068461604</subfield>
    <subfield code="2">OCoLC</subfield>
  </datafield>
  <datafield tag="035" ind1=" " ind2=" ">
    <subfield code="a">(DE-605)HT008389117</subfield>
  </datafield>
  <datafield tag="040" ind1=" " ind2=" ">
    <subfield code="a">361</subfield>
    <subfield code="b">ger</subfield>
    <subfield code="e">rakwb</subfield>
  </datafield>
  <datafield tag="041" ind1=" " ind2=" ">
    <subfield code="a">chi</subfield>
    <subfield code="a">ger</subfield>
  </datafield>
  <datafield tag="245" ind1="0" ind2="0">
    <subfield code="a">Chines.-deutsches W&#xF6;rterbuch f&#xFC;r den Dialect der Hakka</subfield>
    <subfield code="b"> = Kejia-zidian</subfield>
  </datafield>
  <datafield tag="246" ind1="1" ind2="1">
    <subfield code="a">Kejia-zidian</subfield>
  </datafield>
  <datafield tag="246" ind1="3" ind2=" ">
    <subfield code="a">Chinesisch-deutsches W&#xF6;rterbuch f&#xFC;r den Dialect der Hakka</subfield>
  </datafield>
  <datafield tag="246" ind1="3" ind2=" ">
    <subfield code="a">Kejia zidian</subfield>
  </datafield>
  <datafield tag="246" ind1="1" ind2="0">
    <subfield code="a">Dialekt</subfield>
  </datafield>
  <datafield tag="264" ind1=" " ind2="1">
    <subfield code="a">[o.O.]</subfield>
    <subfield code="c">[ca. 1875-80?]</subfield>
  </datafield>
  <datafield tag="300" ind1=" " ind2=" ">
    <subfield code="a">762 beschr. S., [87] leere, [6] beschr. Bl., gebunden ; 43 cm</subfield>
  </datafield>
  <datafield tag="546" ind1=" " ind2=" ">
    <subfield code="a">Handgeschrieben, chines. Schr. und dt. Schreibschr., z.T. ausgeblichen</subfield>
  </datafield>
  <datafield tag="960" ind1="1" ind2=" ">
    <subfield code="f">oas</subfield>
  </datafield>
  <datafield tag="964" ind1="0" ind2="s">
    <subfield code="F">030</subfield>
    <subfield code="A">h|1uc||||||37</subfield>
  </datafield>
  <datafield tag="964" ind1="0" ind2="s">
    <subfield code="F">050</subfield>
    <subfield code="A">|a||||||||||||</subfield>
  </datafield>
  <datafield tag="964" ind1="0" ind2="s">
    <subfield code="F">051</subfield>
    <subfield code="A">md||||||</subfield>
  </datafield>
  <datafield tag="035" ind1=" " ind2=" ">
    <subfield code="a">(OCoLC)1068461604</subfield>
    <subfield code="0">(uri) http://www.worldcat.org/oclc/1068461604</subfield>
  </datafield>
  <datafield tag="MBD" ind1=" " ind2=" ">
    <subfield code="M">49HBZ_NETWORK</subfield>
    <subfield code="i">990033263300206441</subfield>
    <subfield code="n">HBZ Network</subfield>
  </datafield>
  <datafield tag="MBD" ind1=" " ind2=" ">
    <subfield code="M">49HBZ_BIE</subfield>
    <subfield code="i">991017827029706442</subfield>
    <subfield code="n">Universit&#xE4;t Bielefeld</subfield>
  </datafield>
  <datafield tag="980" ind1="1" ind2=" ">
    <subfield code="a">c</subfield>
    <subfield code="e">HBZ</subfield>
    <subfield code="9">LOCAL</subfield>
    <subfield code="M">49HBZ_BIE</subfield>
  </datafield>
  <datafield tag="981" ind1=" " ind2=" ">
    <subfield code="a">(DE-361)1741178</subfield>
    <subfield code="9">LOCAL</subfield>
    <subfield code="M">49HBZ_BIE</subfield>
  </datafield>
  <datafield tag="989" ind1=" " ind2=" ">
    <subfield code="a">Erworben bei Antiquariat Gsellius, 1971</subfield>
    <subfield code="9">LOCAL</subfield>
    <subfield code="M">49HBZ_BIE</subfield>
  </datafield>
  <datafield tag="997" ind1=" " ind2=" ">
    <subfield code="a">20020121</subfield>
    <subfield code="9">LOCAL</subfield>
    <subfield code="M">49HBZ_BIE</subfield>
  </datafield>
  <datafield tag="MNG" ind1=" " ind2=" ">
    <subfield code="c">System</subfield>
    <subfield code="f">ILS</subfield>
    <subfield code="i">marc21</subfield>
    <subfield code="k">01</subfield>
    <subfield code="e">false</subfield>
    <subfield code="d">2021-04-07 17:07:51 Europe/Berlin</subfield>
    <subfield code="g">003326330-HBZ01</subfield>
    <subfield code="j">60</subfield>
    <subfield code="a">import</subfield>
    <subfield code="b">2021-04-05 08:50:35 Europe/Berlin</subfield>
  </datafield>
  <datafield tag="H52" ind1="8" ind2=" ">
    <subfield code="b">UB_BI</subfield>
    <subfield code="c">99_Mag06</subfield>
    <subfield code="h">OB501.35 C5D4W</subfield>
    <subfield code="8">22234824240006442</subfield>
  </datafield>
  <datafield tag="HOL" ind1=" " ind2=" ">
    <subfield code="b">2021-04-19 04:01:58</subfield>
    <subfield code="8">22234824240006442</subfield>
    <subfield code="M">49HBZ_BIE</subfield>
    <subfield code="g">false</subfield>
    <subfield code="a">import</subfield>
  </datafield>
  <datafield tag="ITM" ind1=" " ind2=" ">
    <subfield code="H">22234824240006442</subfield>
    <subfield code="x">99_Mag06</subfield>
    <subfield code="f">BOOK</subfield>
    <subfield code="v">99_Mag06</subfield>
    <subfield code="p">item_00</subfield>
    <subfield code="X">Cutover_Fix_OSID</subfield>
    <subfield code="U">2021-04-18 10:59:00</subfield>
    <subfield code="Y">2021-04-19 04:02:29</subfield>
    <subfield code="h">false</subfield>
    <subfield code="M">49HBZ_BIE</subfield>
    <subfield code="s">1</subfield>
    <subfield code="d">8</subfield>
    <subfield code="V">import</subfield>
    <subfield code="L">Abteilung/Standort/Haushaltsstufe: 15#S1 | SISIS-Magazindrucker: 0 | HBZ01: HT008389117 | Keine Beilagen: 1</subfield>
    <subfield code="b">150/3172113+01</subfield>
    <subfield code="O">SISIS-Ausleihz&#xE4;hler vorletztes Migrationsjahr: 0 | SISIS-Vormerkz&#xE4;hler Migrationsjahr: 0 | SISIS-Buchdaten-Aufnahmedatum: 2002-01-30</subfield>
    <subfield code="N">Fernleihkonditionen: 3 | Sigel: 361 | Klassifikation: 99_Mag06 | Altersbegrenzung: 0 | SISIS-Ausleihz&#xE4;hler Migrationsjahr: 0 | SISIS-Ausleihz&#xE4;hler Vor-Migrationsjahr: 0</subfield>
    <subfield code="a">23234824210006442</subfield>
    <subfield code="c">OB501.35 C5D4W</subfield>
    <subfield code="W">2021-04-19 04:01:58</subfield>
    <subfield code="u">UB_BI</subfield>
    <subfield code="w">UB_BI</subfield>
  </datafield>
</record>