
<record>
  <leader>00692nrm#a2200229#c#4500</leader>
  <controlfield tag="005">20210407181241.0</controlfield>
  <controlfield tag="007">zu</controlfield>
  <controlfield tag="008">990302|1998####xx#|||############g|####c</controlfield>
  <controlfield tag="003">DE-605</controlfield>
  <controlfield tag="001">990041403870206441</controlfield>
  <datafield tag="016" ind1="7" ind2=" ">
    <subfield code="a">1070982209</subfield>
    <subfield code="2">OCoLC</subfield>
  </datafield>
  <datafield tag="020" ind1=" " ind2=" ">
    <subfield code="a">3897051346</subfield>
    <subfield code="9">3-89705-134-6</subfield>
    <subfield code="0">(uri) http://www.isbnsearch.org/isbn/3897051346</subfield>
  </datafield>
  <datafield tag="035" ind1=" " ind2=" ">
    <subfield code="a">(DE-605)HT009965981</subfield>
  </datafield>
  <datafield tag="040" ind1=" " ind2=" ">
    <subfield code="a">5</subfield>
    <subfield code="b">ger</subfield>
    <subfield code="e">rakwb</subfield>
  </datafield>
  <datafield tag="245" ind1="0" ind2="0">
    <subfield code="a">K&#xF6;ln find' ich gut!</subfield>
    <subfield code="h">Spiel</subfield>
    <subfield code="b">ein Bilder-Suchspiel f&#xFC;r die ganze Familie</subfield>
    <subfield code="c">von Heribert Stragholz</subfield>
  </datafield>
  <datafield tag="264" ind1=" " ind2="1">
    <subfield code="a">K&#xF6;ln</subfield>
    <subfield code="b">Emons</subfield>
    <subfield code="c">1998</subfield>
  </datafield>
  <datafield tag="300" ind1=" " ind2=" ">
    <subfield code="a">104 Spielkt. : Ill.</subfield>
    <subfield code="e">Begleith.</subfield>
  </datafield>
  <datafield tag="700" ind1="1" ind2=" ">
    <subfield code="a">Stragholz, Heribert</subfield>
    <subfield code="4">oth</subfield>
  </datafield>
  <datafield tag="964" ind1="0" ind2="s">
    <subfield code="F">030</subfield>
    <subfield code="A">a|1uc||||||37</subfield>
  </datafield>
  <datafield tag="964" ind1="0" ind2="s">
    <subfield code="F">050</subfield>
    <subfield code="A">|||||||||a||||</subfield>
  </datafield>
  <datafield tag="964" ind1="0" ind2="s">
    <subfield code="F">051</subfield>
    <subfield code="A">m|||||||</subfield>
  </datafield>
  <datafield tag="035" ind1=" " ind2=" ">
    <subfield code="a">(OCoLC)1070982209</subfield>
    <subfield code="0">(uri) http://www.worldcat.org/oclc/1070982209</subfield>
  </datafield>
  <datafield tag="MBD" ind1=" " ind2=" ">
    <subfield code="M">49HBZ_NETWORK</subfield>
    <subfield code="i">990041403870206441</subfield>
    <subfield code="n">HBZ Network</subfield>
  </datafield>
  <datafield tag="MNG" ind1=" " ind2=" ">
    <subfield code="c">System</subfield>
    <subfield code="f">ILS</subfield>
    <subfield code="i">marc21</subfield>
    <subfield code="k">01</subfield>
    <subfield code="e">false</subfield>
    <subfield code="d">2021-04-07 18:12:41 Europe/Berlin</subfield>
    <subfield code="g">004140387-HBZ01</subfield>
    <subfield code="j">60</subfield>
    <subfield code="a">import</subfield>
    <subfield code="b">2021-04-05 16:14:32 Europe/Berlin</subfield>
  </datafield>
</record>