
<record>
  <leader>01306nam#a2200373#ca4500</leader>
  <controlfield tag="005">20220404110500.0</controlfield>
  <controlfield tag="007">tu</controlfield>
  <controlfield tag="008">981116m19959999gw############|||#|#ger#c</controlfield>
  <controlfield tag="003">DE-605</controlfield>
  <controlfield tag="001">990050000600206441</controlfield>
  <datafield tag="016" ind1="7" ind2=" ">
    <subfield code="a">961364901</subfield>
    <subfield code="2">OCoLC</subfield>
  </datafield>
  <datafield tag="035" ind1=" " ind2=" ">
    <subfield code="a">(DE-605)HT006855611</subfield>
  </datafield>
  <datafield tag="040" ind1=" " ind2=" ">
    <subfield code="c">DE-605</subfield>
    <subfield code="a">6</subfield>
    <subfield code="b">ger</subfield>
    <subfield code="d">290</subfield>
    <subfield code="e">rakwb</subfield>
    <subfield code="d">DE-605</subfield>
  </datafield>
  <datafield tag="041" ind1=" " ind2=" ">
    <subfield code="a">ger</subfield>
  </datafield>
  <datafield tag="044" ind1=" " ind2=" ">
    <subfield code="c">XA-DE</subfield>
  </datafield>
  <datafield tag="084" ind1=" " ind2=" ">
    <subfield code="a">SK 110</subfield>
    <subfield code="2">rvk</subfield>
  </datafield>
  <datafield tag="084" ind1=" " ind2=" ">
    <subfield code="a">SK 950</subfield>
    <subfield code="2">rvk</subfield>
  </datafield>
  <datafield tag="084" ind1=" " ind2=" ">
    <subfield code="a">QH 150</subfield>
    <subfield code="2">rvk</subfield>
  </datafield>
  <datafield tag="084" ind1=" " ind2=" ">
    <subfield code="a">SK 400</subfield>
    <subfield code="2">rvk</subfield>
  </datafield>
  <datafield tag="084" ind1=" " ind2=" ">
    <subfield code="a">SK 220</subfield>
    <subfield code="2">rvk</subfield>
  </datafield>
  <datafield tag="100" ind1="1" ind2=" ">
    <subfield code="a">Furlan, Peter</subfield>
    <subfield code="d">1953-</subfield>
    <subfield code="0">(DE-588)1049517296</subfield>
    <subfield code="4">aut</subfield>
    <subfield code="0">(uri) https://portal.dnb.de/opac.htm?method=simpleSearch&amp;cqlMode=true&amp;query=idn=1049517296</subfield>
    <subfield code="0">(uri) http://viaf.org/viaf/sourceID/DNB|1049517296</subfield>
  </datafield>
  <datafield tag="245" ind1="1" ind2="0">
    <subfield code="a">&lt;&lt;Das&gt;&gt; gelbe Rechenbuch</subfield>
    <subfield code="b">f&#xFC;r Ingenieure, Naturwissenschaftler und Mathematiker ; Rechenverfahren der h&#xF6;heren Mathematik in Einzelschritten erkl&#xE4;rt ; mit vielen ausf&#xFC;hrlich gerechneten Beispielen</subfield>
    <subfield code="c">Peter Furlan</subfield>
  </datafield>
  <datafield tag="264" ind1=" " ind2="1">
    <subfield code="a">Dortmund</subfield>
    <subfield code="b">Furlan</subfield>
    <subfield code="c">1995-</subfield>
  </datafield>
  <datafield tag="689" ind1="0" ind2="0">
    <subfield code="a">Naturwissenschaften</subfield>
    <subfield code="D">s</subfield>
    <subfield code="0">(DE-588)4041421-8</subfield>
    <subfield code="0">(uri) https://portal.dnb.de/opac.htm?method=simpleSearch&amp;cqlMode=true&amp;query=idn=040414213</subfield>
    <subfield code="0">(uri) http://viaf.org/viaf/sourceID/DNB|040414213</subfield>
  </datafield>
  <datafield tag="689" ind1="0" ind2="1">
    <subfield code="a">Mathematische Methode</subfield>
    <subfield code="D">s</subfield>
    <subfield code="0">(DE-588)4155620-3</subfield>
    <subfield code="0">(uri) https://portal.dnb.de/opac.htm?method=simpleSearch&amp;cqlMode=true&amp;query=idn=041556208</subfield>
    <subfield code="0">(uri) http://viaf.org/viaf/sourceID/DNB|041556208</subfield>
  </datafield>
  <datafield tag="689" ind1="1" ind2="0">
    <subfield code="a">Ingenieurwissenschaften</subfield>
    <subfield code="D">s</subfield>
    <subfield code="0">(DE-588)4137304-2</subfield>
    <subfield code="0">(uri) https://portal.dnb.de/opac.htm?method=simpleSearch&amp;cqlMode=true&amp;query=idn=041373049</subfield>
    <subfield code="0">(uri) http://viaf.org/viaf/sourceID/DNB|041373049</subfield>
  </datafield>
  <datafield tag="689" ind1="1" ind2="1">
    <subfield code="a">Mathematische Methode</subfield>
    <subfield code="D">s</subfield>
    <subfield code="0">(DE-588)4155620-3</subfield>
    <subfield code="0">(uri) https://portal.dnb.de/opac.htm?method=simpleSearch&amp;cqlMode=true&amp;query=idn=041556208</subfield>
    <subfield code="0">(uri) http://viaf.org/viaf/sourceID/DNB|041556208</subfield>
  </datafield>
  <datafield tag="964" ind1="0" ind2="s">
    <subfield code="F">051</subfield>
    <subfield code="A">n|||||||</subfield>
  </datafield>
  <datafield tag="964" ind1="0" ind2="i">
    <subfield code="I">marc-FMT via MAB2MARC</subfield>
    <subfield code="F">FMT</subfield>
    <subfield code="A">BK</subfield>
  </datafield>
  <datafield tag="964" ind1="0" ind2="s">
    <subfield code="F">030</subfield>
    <subfield code="A">a|1uc||||||17</subfield>
  </datafield>
  <datafield tag="964" ind1="0" ind2="s">
    <subfield code="F">050</subfield>
    <subfield code="A">a|||||||||||||</subfield>
  </datafield>
  <datafield tag="035" ind1=" " ind2=" ">
    <subfield code="a">(OCoLC)961364901</subfield>
    <subfield code="0">(uri) http://www.worldcat.org/oclc/961364901</subfield>
  </datafield>
  <datafield tag="035" ind1=" " ind2=" ">
    <subfield code="a">(DE-599)HBZHT006855611</subfield>
  </datafield>
  <datafield tag="655" ind1=" " ind2="7">
    <subfield code="a">Einf&#xFC;hrung</subfield>
    <subfield code="0">(DE-588)4151278-9</subfield>
    <subfield code="2">gnd-content</subfield>
  </datafield>
  <datafield tag="515" ind1=" " ind2=" ">
    <subfield code="a">Erschienen: Bd. 1 - 3</subfield>
  </datafield>
  <datafield tag="MBD" ind1=" " ind2=" ">
    <subfield code="M">49HBZ_NETWORK</subfield>
    <subfield code="i">990050000600206441</subfield>
    <subfield code="n">HBZ Network</subfield>
  </datafield>
  <datafield tag="MBD" ind1=" " ind2=" ">
    <subfield code="M">49HBZ_WUP</subfield>
    <subfield code="i">990007452950206447</subfield>
    <subfield code="n">Bergische Universit&#xE4;t Wuppertal</subfield>
  </datafield>
  <datafield tag="MBD" ind1=" " ind2=" ">
    <subfield code="M">49HBZ_FDO</subfield>
    <subfield code="i">991001984839706451</subfield>
    <subfield code="n">Fachhochschule Dortmund</subfield>
  </datafield>
  <datafield tag="980" ind1="1" ind2=" ">
    <subfield code="e">HBZ</subfield>
    <subfield code="9">LOCAL</subfield>
    <subfield code="M">49HBZ_FDO</subfield>
  </datafield>
  <datafield tag="981" ind1=" " ind2=" ">
    <subfield code="a">(Dm13)136896</subfield>
    <subfield code="9">LOCAL</subfield>
    <subfield code="M">49HBZ_FDO</subfield>
  </datafield>
  <datafield tag="992" ind1="1" ind2=" ">
    <subfield code="a">TBM 13</subfield>
    <subfield code="9">LOCAL</subfield>
    <subfield code="M">49HBZ_FDO</subfield>
  </datafield>
  <datafield tag="995" ind1="1" ind2=" ">
    <subfield code="d">03</subfield>
    <subfield code="9">LOCAL</subfield>
    <subfield code="M">49HBZ_FDO</subfield>
  </datafield>
  <datafield tag="997" ind1=" " ind2=" ">
    <subfield code="a">19990819</subfield>
    <subfield code="9">LOCAL</subfield>
    <subfield code="M">49HBZ_FDO</subfield>
  </datafield>
  <datafield tag="MBD" ind1=" " ind2=" ">
    <subfield code="M">49HBZ_FSW</subfield>
    <subfield code="i">990005940980106461</subfield>
    <subfield code="n">Fachhochschule S&#xFC;dwestfalen</subfield>
  </datafield>
  <datafield tag="MBD" ind1=" " ind2=" ">
    <subfield code="M">49HBZ_FUH</subfield>
    <subfield code="i">990005940980106464</subfield>
    <subfield code="n">Fernuniversitat Hagen</subfield>
  </datafield>
  <datafield tag="MBD" ind1=" " ind2=" ">
    <subfield code="M">49HBZ_FHA</subfield>
    <subfield code="i">991002141299706444</subfield>
    <subfield code="n">Hochschulbibliothek der FH Aachen</subfield>
  </datafield>
  <datafield tag="980" ind1="1" ind2=" ">
    <subfield code="e">HBZ</subfield>
    <subfield code="9">LOCAL</subfield>
    <subfield code="M">49HBZ_FHA</subfield>
  </datafield>
  <datafield tag="981" ind1=" " ind2=" ">
    <subfield code="a">(A96)208261</subfield>
    <subfield code="9">LOCAL</subfield>
    <subfield code="M">49HBZ_FHA</subfield>
  </datafield>
  <datafield tag="997" ind1=" " ind2=" ">
    <subfield code="a">20050422</subfield>
    <subfield code="9">LOCAL</subfield>
    <subfield code="M">49HBZ_FHA</subfield>
  </datafield>
  <datafield tag="MBD" ind1=" " ind2=" ">
    <subfield code="M">49HBZ_HBI</subfield>
    <subfield code="i">991001234009706450</subfield>
    <subfield code="n">Hochschule Bielefeld</subfield>
  </datafield>
  <datafield tag="980" ind1="1" ind2=" ">
    <subfield code="e">HBZ</subfield>
    <subfield code="9">LOCAL</subfield>
    <subfield code="M">49HBZ_HBI</subfield>
  </datafield>
  <datafield tag="981" ind1=" " ind2=" ">
    <subfield code="a">(DE-Bi10)196558</subfield>
    <subfield code="9">LOCAL</subfield>
    <subfield code="M">49HBZ_HBI</subfield>
  </datafield>
  <datafield tag="997" ind1=" " ind2=" ">
    <subfield code="a">20060815</subfield>
    <subfield code="9">LOCAL</subfield>
    <subfield code="M">49HBZ_HBI</subfield>
  </datafield>
  <datafield tag="MBD" ind1=" " ind2=" ">
    <subfield code="M">49HBZ_HBO</subfield>
    <subfield code="i">991000247429706454</subfield>
    <subfield code="n">Hochschule Bochum</subfield>
  </datafield>
  <datafield tag="981" ind1=" " ind2=" ">
    <subfield code="a">113262</subfield>
    <subfield code="9">LOCAL</subfield>
    <subfield code="M">49HBZ_HBO</subfield>
  </datafield>
  <datafield tag="987" ind1="1" ind2=" ">
    <subfield code="a">MW</subfield>
    <subfield code="9">LOCAL</subfield>
    <subfield code="M">49HBZ_HBO</subfield>
  </datafield>
  <datafield tag="992" ind1=" " ind2=" ">
    <subfield code="a">(siehe B&#xE4;nde)</subfield>
    <subfield code="9">LOCAL</subfield>
    <subfield code="M">49HBZ_HBO</subfield>
  </datafield>
  <datafield tag="997" ind1=" " ind2=" ">
    <subfield code="a">20220404</subfield>
    <subfield code="9">LOCAL</subfield>
    <subfield code="M">49HBZ_HBO</subfield>
  </datafield>
  <datafield tag="MBD" ind1=" " ind2=" ">
    <subfield code="M">49HBZ_BRS</subfield>
    <subfield code="i">991000161599706452</subfield>
    <subfield code="n">Hochschule Bonn-Rhein-Sieg</subfield>
  </datafield>
  <datafield tag="980" ind1="1" ind2=" ">
    <subfield code="e">HBZ</subfield>
    <subfield code="9">LOCAL</subfield>
    <subfield code="M">49HBZ_BRS</subfield>
  </datafield>
  <datafield tag="981" ind1=" " ind2=" ">
    <subfield code="a">(DE-1044)3391</subfield>
    <subfield code="9">LOCAL</subfield>
    <subfield code="M">49HBZ_BRS</subfield>
  </datafield>
  <datafield tag="997" ind1=" " ind2=" ">
    <subfield code="a">19981015</subfield>
    <subfield code="9">LOCAL</subfield>
    <subfield code="M">49HBZ_BRS</subfield>
  </datafield>
  <datafield tag="MBD" ind1=" " ind2=" ">
    <subfield code="M">49HBZ_HSD</subfield>
    <subfield code="i">991001481009706455</subfield>
    <subfield code="n">Hochschule Duesseldorf</subfield>
  </datafield>
  <datafield tag="981" ind1=" " ind2=" ">
    <subfield code="a">62443</subfield>
    <subfield code="9">LOCAL</subfield>
    <subfield code="M">49HBZ_HSD</subfield>
  </datafield>
  <datafield tag="987" ind1="1" ind2=" ">
    <subfield code="a">gt</subfield>
    <subfield code="9">LOCAL</subfield>
    <subfield code="M">49HBZ_HSD</subfield>
  </datafield>
  <datafield tag="992" ind1=" " ind2=" ">
    <subfield code="a">11 TBM 24</subfield>
    <subfield code="9">LOCAL</subfield>
    <subfield code="M">49HBZ_HSD</subfield>
  </datafield>
  <datafield tag="997" ind1=" " ind2=" ">
    <subfield code="a">20220404</subfield>
    <subfield code="9">LOCAL</subfield>
    <subfield code="M">49HBZ_HSD</subfield>
  </datafield>
  <datafield tag="MBD" ind1=" " ind2=" ">
    <subfield code="M">49HBZ_RUW</subfield>
    <subfield code="i">991000857029706453</subfield>
    <subfield code="n">Hochschule Ruhr West</subfield>
  </datafield>
  <datafield tag="980" ind1="1" ind2=" ">
    <subfield code="e">HBZ</subfield>
    <subfield code="9">LOCAL</subfield>
    <subfield code="M">49HBZ_RUW</subfield>
  </datafield>
  <datafield tag="981" ind1=" " ind2=" ">
    <subfield code="a">(DE-1393)30879</subfield>
    <subfield code="9">LOCAL</subfield>
    <subfield code="M">49HBZ_RUW</subfield>
  </datafield>
  <datafield tag="997" ind1=" " ind2=" ">
    <subfield code="a">20111212</subfield>
    <subfield code="9">LOCAL</subfield>
    <subfield code="M">49HBZ_RUW</subfield>
  </datafield>
  <datafield tag="MBD" ind1=" " ind2=" ">
    <subfield code="M">49HBZ_UBA</subfield>
    <subfield code="i">991002777419706448</subfield>
    <subfield code="n">RWTH Aachen</subfield>
  </datafield>
  <datafield tag="980" ind1="1" ind2=" ">
    <subfield code="e">HBZ</subfield>
    <subfield code="9">LOCAL</subfield>
    <subfield code="M">49HBZ_UBA</subfield>
  </datafield>
  <datafield tag="981" ind1=" " ind2=" ">
    <subfield code="a">(DE-82)1113002</subfield>
    <subfield code="9">LOCAL</subfield>
    <subfield code="M">49HBZ_UBA</subfield>
  </datafield>
  <datafield tag="997" ind1=" " ind2=" ">
    <subfield code="a">20070208</subfield>
    <subfield code="b">20220404</subfield>
    <subfield code="9">LOCAL</subfield>
    <subfield code="M">49HBZ_UBA</subfield>
  </datafield>
  <datafield tag="MBD" ind1=" " ind2=" ">
    <subfield code="M">49HBZ_RTU</subfield>
    <subfield code="i">990004544260507476</subfield>
    <subfield code="n">Rheinisch Technische Universit&#xE4;t</subfield>
  </datafield>
  <datafield tag="981" ind1=" " ind2=" ">
    <subfield code="a">000454426</subfield>
    <subfield code="9">LOCAL</subfield>
    <subfield code="M">49HBZ_RTU</subfield>
  </datafield>
  <datafield tag="983" ind1=" " ind2=" ">
    <subfield code="a">mat 03</subfield>
    <subfield code="d">Einf&#xFC;hrungen. Gesamtdarstellungen. &#xDC;bergreifende Themen</subfield>
    <subfield code="9">LOCAL</subfield>
    <subfield code="M">49HBZ_RTU</subfield>
  </datafield>
  <datafield tag="991" ind1=" " ind2=" ">
    <subfield code="a">Gc</subfield>
    <subfield code="9">LOCAL</subfield>
    <subfield code="M">49HBZ_RTU</subfield>
  </datafield>
  <datafield tag="MBD" ind1=" " ind2=" ">
    <subfield code="M">49HBZ_UBD</subfield>
    <subfield code="i">991001802079706445</subfield>
    <subfield code="n">Technische Universit&#xE4;t Dortmund</subfield>
  </datafield>
  <datafield tag="980" ind1="1" ind2=" ">
    <subfield code="e">HBZ</subfield>
    <subfield code="9">LOCAL</subfield>
    <subfield code="M">49HBZ_UBD</subfield>
  </datafield>
  <datafield tag="981" ind1=" " ind2=" ">
    <subfield code="a">(DE-290)630099</subfield>
    <subfield code="9">LOCAL</subfield>
    <subfield code="M">49HBZ_UBD</subfield>
  </datafield>
  <datafield tag="997" ind1=" " ind2=" ">
    <subfield code="a">19990727</subfield>
    <subfield code="9">LOCAL</subfield>
    <subfield code="M">49HBZ_UBD</subfield>
  </datafield>
  <datafield tag="MBD" ind1=" " ind2=" ">
    <subfield code="M">49HBZ_ULM</subfield>
    <subfield code="i">991037504519706449</subfield>
    <subfield code="n">Universitat Munster</subfield>
  </datafield>
  <datafield tag="980" ind1="1" ind2=" ">
    <subfield code="a">p</subfield>
    <subfield code="9">LOCAL</subfield>
    <subfield code="M">49HBZ_ULM</subfield>
  </datafield>
  <datafield tag="980" ind1="1" ind2="2">
    <subfield code="e">HBZ</subfield>
    <subfield code="9">LOCAL</subfield>
    <subfield code="M">49HBZ_ULM</subfield>
  </datafield>
  <datafield tag="981" ind1=" " ind2=" ">
    <subfield code="a">(DE-6)586518</subfield>
    <subfield code="9">LOCAL</subfield>
    <subfield code="M">49HBZ_ULM</subfield>
  </datafield>
  <datafield tag="MBD" ind1=" " ind2=" ">
    <subfield code="M">49HBZ_PAD</subfield>
    <subfield code="i">990006899870106463</subfield>
    <subfield code="n">Universitat Paderborn</subfield>
  </datafield>
  <datafield tag="981" ind1=" " ind2=" ">
    <subfield code="a">000689987</subfield>
    <subfield code="l">doclib</subfield>
    <subfield code="9">LOCAL</subfield>
    <subfield code="M">49HBZ_PAD</subfield>
  </datafield>
  <datafield tag="983" ind1=" " ind2=" ">
    <subfield code="a">TBM</subfield>
    <subfield code="9">LOCAL</subfield>
    <subfield code="M">49HBZ_PAD</subfield>
  </datafield>
  <datafield tag="MBD" ind1=" " ind2=" ">
    <subfield code="M">49HBZ_BIE</subfield>
    <subfield code="i">991013990859706442</subfield>
    <subfield code="n">Universit&#xE4;t Bielefeld</subfield>
  </datafield>
  <datafield tag="980" ind1="1" ind2=" ">
    <subfield code="e">HBZ</subfield>
    <subfield code="9">LOCAL</subfield>
    <subfield code="M">49HBZ_BIE</subfield>
  </datafield>
  <datafield tag="981" ind1=" " ind2=" ">
    <subfield code="a">(DE-361)1637715</subfield>
    <subfield code="9">LOCAL</subfield>
    <subfield code="M">49HBZ_BIE</subfield>
  </datafield>
  <datafield tag="997" ind1=" " ind2=" ">
    <subfield code="a">20020121</subfield>
    <subfield code="9">LOCAL</subfield>
    <subfield code="M">49HBZ_BIE</subfield>
  </datafield>
  <datafield tag="MBD" ind1=" " ind2=" ">
    <subfield code="M">49HBZ_UDE</subfield>
    <subfield code="i">990007292520206446</subfield>
    <subfield code="n">Universit&#xE4;t Duisburg-Essen</subfield>
  </datafield>
  <datafield tag="983" ind1=" " ind2=" ">
    <subfield code="b">TBM</subfield>
    <subfield code="9">LOCAL</subfield>
    <subfield code="M">49HBZ_UDE</subfield>
  </datafield>
  <datafield tag="MBD" ind1=" " ind2=" ">
    <subfield code="M">49HBZ_DUE</subfield>
    <subfield code="i">990010318920206443</subfield>
    <subfield code="n">Universit&#xE4;t D&#xFC;sseldorf</subfield>
  </datafield>
  <datafield tag="980" ind1="1" ind2=" ">
    <subfield code="a">vf-m</subfield>
    <subfield code="9">LOCAL</subfield>
    <subfield code="M">49HBZ_DUE</subfield>
  </datafield>
  <datafield tag="983" ind1=" " ind2=" ">
    <subfield code="a">mata840</subfield>
    <subfield code="9">LOCAL</subfield>
    <subfield code="M">49HBZ_DUE</subfield>
  </datafield>
  <datafield tag="996" ind1=" " ind2=" ">
    <subfield code="s">Beispiel</subfield>
    <subfield code="0">(DE-588)4144383-4</subfield>
    <subfield code="9">LOCAL</subfield>
    <subfield code="M">49HBZ_DUE</subfield>
  </datafield>
  <datafield tag="996" ind1=" " ind2=" ">
    <subfield code="s">Ingenieur</subfield>
    <subfield code="0">(DE-588)4026955-3</subfield>
    <subfield code="9">LOCAL</subfield>
    <subfield code="M">49HBZ_DUE</subfield>
  </datafield>
  <datafield tag="996" ind1=" " ind2=" ">
    <subfield code="s">Mathematik</subfield>
    <subfield code="0">(DE-588)4037944-9</subfield>
    <subfield code="9">LOCAL</subfield>
    <subfield code="M">49HBZ_DUE</subfield>
  </datafield>
  <datafield tag="996" ind1=" " ind2=" ">
    <subfield code="s">Mathematiker</subfield>
    <subfield code="0">(DE-588)4037945-0</subfield>
    <subfield code="9">LOCAL</subfield>
    <subfield code="M">49HBZ_DUE</subfield>
  </datafield>
  <datafield tag="996" ind1=" " ind2=" ">
    <subfield code="s">Naturwissenschaftler</subfield>
    <subfield code="0">(DE-588)4041423-1</subfield>
    <subfield code="9">LOCAL</subfield>
    <subfield code="M">49HBZ_DUE</subfield>
  </datafield>
  <datafield tag="996" ind1=" " ind2=" ">
    <subfield code="s">Rechenbuch</subfield>
    <subfield code="0">(DE-588)4633636-9</subfield>
    <subfield code="9">LOCAL</subfield>
    <subfield code="M">49HBZ_DUE</subfield>
  </datafield>
  <datafield tag="996" ind1=" " ind2=" ">
    <subfield code="a">Buch</subfield>
    <subfield code="9">LOCAL</subfield>
    <subfield code="M">49HBZ_DUE</subfield>
  </datafield>
  <datafield tag="996" ind1=" " ind2=" ">
    <subfield code="a">Einzel</subfield>
    <subfield code="9">LOCAL</subfield>
    <subfield code="M">49HBZ_DUE</subfield>
  </datafield>
  <datafield tag="996" ind1=" " ind2=" ">
    <subfield code="a">Einzelschritt</subfield>
    <subfield code="9">LOCAL</subfield>
    <subfield code="M">49HBZ_DUE</subfield>
  </datafield>
  <datafield tag="996" ind1=" " ind2=" ">
    <subfield code="a">Erkl&#xE4;rung</subfield>
    <subfield code="9">LOCAL</subfield>
    <subfield code="M">49HBZ_DUE</subfield>
  </datafield>
  <datafield tag="996" ind1=" " ind2=" ">
    <subfield code="a">H&#xF6;he</subfield>
    <subfield code="9">LOCAL</subfield>
    <subfield code="M">49HBZ_DUE</subfield>
  </datafield>
  <datafield tag="996" ind1=" " ind2=" ">
    <subfield code="a">Naturwissenschaft</subfield>
    <subfield code="9">LOCAL</subfield>
    <subfield code="M">49HBZ_DUE</subfield>
  </datafield>
  <datafield tag="996" ind1=" " ind2=" ">
    <subfield code="a">Rechen</subfield>
    <subfield code="9">LOCAL</subfield>
    <subfield code="M">49HBZ_DUE</subfield>
  </datafield>
  <datafield tag="996" ind1=" " ind2=" ">
    <subfield code="a">Rechnen</subfield>
    <subfield code="9">LOCAL</subfield>
    <subfield code="M">49HBZ_DUE</subfield>
  </datafield>
  <datafield tag="996" ind1=" " ind2=" ">
    <subfield code="a">Rechnung</subfield>
    <subfield code="9">LOCAL</subfield>
    <subfield code="M">49HBZ_DUE</subfield>
  </datafield>
  <datafield tag="996" ind1=" " ind2=" ">
    <subfield code="a">Schritt</subfield>
    <subfield code="9">LOCAL</subfield>
    <subfield code="M">49HBZ_DUE</subfield>
  </datafield>
  <datafield tag="996" ind1=" " ind2=" ">
    <subfield code="a">Verfahren</subfield>
    <subfield code="9">LOCAL</subfield>
    <subfield code="M">49HBZ_DUE</subfield>
  </datafield>
  <datafield tag="996" ind1=" " ind2=" ">
    <subfield code="a">Vielheit</subfield>
    <subfield code="9">LOCAL</subfield>
    <subfield code="M">49HBZ_DUE</subfield>
  </datafield>
  <datafield tag="996" ind1=" " ind2=" ">
    <subfield code="a">gelb</subfield>
    <subfield code="9">LOCAL</subfield>
    <subfield code="M">49HBZ_DUE</subfield>
  </datafield>
  <datafield tag="996" ind1=" " ind2=" ">
    <subfield code="a">hoch</subfield>
    <subfield code="9">LOCAL</subfield>
    <subfield code="M">49HBZ_DUE</subfield>
  </datafield>
  <datafield tag="996" ind1=" " ind2=" ">
    <subfield code="a">viel</subfield>
    <subfield code="9">LOCAL</subfield>
    <subfield code="M">49HBZ_DUE</subfield>
  </datafield>
  <datafield tag="996" ind1=" " ind2=" ">
    <subfield code="a">Ingenieur</subfield>
    <subfield code="9">LOCAL</subfield>
    <subfield code="M">49HBZ_DUE</subfield>
  </datafield>
  <datafield tag="996" ind1=" " ind2=" ">
    <subfield code="a">Ingenieurwissenschaft</subfield>
    <subfield code="9">LOCAL</subfield>
    <subfield code="M">49HBZ_DUE</subfield>
  </datafield>
  <datafield tag="996" ind1=" " ind2=" ">
    <subfield code="a">Mathematik</subfield>
    <subfield code="9">LOCAL</subfield>
    <subfield code="M">49HBZ_DUE</subfield>
  </datafield>
  <datafield tag="996" ind1=" " ind2=" ">
    <subfield code="a">Natur</subfield>
    <subfield code="9">LOCAL</subfield>
    <subfield code="M">49HBZ_DUE</subfield>
  </datafield>
  <datafield tag="996" ind1=" " ind2=" ">
    <subfield code="a">Wissenschaft</subfield>
    <subfield code="9">LOCAL</subfield>
    <subfield code="M">49HBZ_DUE</subfield>
  </datafield>
  <datafield tag="996" ind1=" " ind2=" ">
    <subfield code="a">mathematisch</subfield>
    <subfield code="9">LOCAL</subfield>
    <subfield code="M">49HBZ_DUE</subfield>
  </datafield>
  <datafield tag="996" ind1=" " ind2=" ">
    <subfield code="a">methodisch</subfield>
    <subfield code="9">LOCAL</subfield>
    <subfield code="M">49HBZ_DUE</subfield>
  </datafield>
  <datafield tag="MBD" ind1=" " ind2=" ">
    <subfield code="M">49HBZ_SIE</subfield>
    <subfield code="i">990007901380106462</subfield>
    <subfield code="n">Universit&#xE4;t Siegen</subfield>
  </datafield>
  <datafield tag="MBD" ind1=" " ind2=" ">
    <subfield code="M">49HBZ_WHS</subfield>
    <subfield code="i">991001095739706456</subfield>
    <subfield code="n">Westfalische Hochschule</subfield>
  </datafield>
  <datafield tag="981" ind1=" " ind2=" ">
    <subfield code="a">34071</subfield>
    <subfield code="9">LOCAL</subfield>
    <subfield code="M">49HBZ_WHS</subfield>
  </datafield>
  <datafield tag="987" ind1="1" ind2=" ">
    <subfield code="a">mbw</subfield>
    <subfield code="9">LOCAL</subfield>
    <subfield code="M">49HBZ_WHS</subfield>
  </datafield>
  <datafield tag="997" ind1=" " ind2=" ">
    <subfield code="a">20220404</subfield>
    <subfield code="9">LOCAL</subfield>
    <subfield code="M">49HBZ_WHS</subfield>
  </datafield>
  <datafield tag="MNG" ind1=" " ind2=" ">
    <subfield code="c">System</subfield>
    <subfield code="f">HBZ</subfield>
    <subfield code="i">marc21</subfield>
    <subfield code="h">20220404110500.0</subfield>
    <subfield code="k">01</subfield>
    <subfield code="e">false</subfield>
    <subfield code="d">2022-04-05 04:04:03 Europe/Berlin</subfield>
    <subfield code="g">005000060-HBZ01</subfield>
    <subfield code="j">60</subfield>
    <subfield code="a">import</subfield>
    <subfield code="b">2021-04-06 01:08:47 Europe/Berlin</subfield>
  </datafield>
  <datafield tag="H52" ind1="8" ind2="1">
    <subfield code="b">I5004</subfield>
    <subfield code="c">SO</subfield>
    <subfield code="h">TBM2411...</subfield>
    <subfield code="8">2265401290006461</subfield>
  </datafield>
  <datafield tag="HOL" ind1=" " ind2=" ">
    <subfield code="d">2022-07-12 20:06:46</subfield>
    <subfield code="8">2265401290006461</subfield>
    <subfield code="b">2022-06-19 12:13:00</subfield>
    <subfield code="M">49HBZ_FSW</subfield>
    <subfield code="g">false</subfield>
    <subfield code="a">import</subfield>
    <subfield code="c">exl_api</subfield>
  </datafield>
  <datafield tag="H52" ind1="8" ind2="1">
    <subfield code="b">I5002</subfield>
    <subfield code="c">IS</subfield>
    <subfield code="h">Sav 21...</subfield>
    <subfield code="8">2265401310006461</subfield>
  </datafield>
  <datafield tag="HOL" ind1=" " ind2=" ">
    <subfield code="d">2022-07-12 16:37:55</subfield>
    <subfield code="8">2265401310006461</subfield>
    <subfield code="b">2022-06-19 12:13:00</subfield>
    <subfield code="M">49HBZ_FSW</subfield>
    <subfield code="g">false</subfield>
    <subfield code="a">import</subfield>
    <subfield code="c">exl_api</subfield>
  </datafield>
  <datafield tag="ITM" ind1=" " ind2=" ">
    <subfield code="H">2265401310006461</subfield>
    <subfield code="x">IS</subfield>
    <subfield code="f">BOOK</subfield>
    <subfield code="v">IS</subfield>
    <subfield code="p">75</subfield>
    <subfield code="X">System</subfield>
    <subfield code="U">2007-04-02 12:00:00</subfield>
    <subfield code="Y">2022-07-19 07:16:38</subfield>
    <subfield code="h">false</subfield>
    <subfield code="n">M/P-Sav 21...</subfield>
    <subfield code="M">49HBZ_FSW</subfield>
    <subfield code="s">1</subfield>
    <subfield code="d">8</subfield>
    <subfield code="V">import</subfield>
    <subfield code="b">594099-10</subfield>
    <subfield code="O">:barcode:594099-10</subfield>
    <subfield code="N">Z30-CALL-NO-2: Sav 21...</subfield>
    <subfield code="a">2365401300006461</subfield>
    <subfield code="t">4</subfield>
    <subfield code="c">Sav 21...</subfield>
    <subfield code="W">2007-04-02 12:59:00</subfield>
    <subfield code="u">I5002</subfield>
    <subfield code="w">I5002</subfield>
  </datafield>
  <datafield tag="ITM" ind1=" " ind2=" ">
    <subfield code="H">2265401290006461</subfield>
    <subfield code="x">SO</subfield>
    <subfield code="f">BOOK</subfield>
    <subfield code="v">SO</subfield>
    <subfield code="p">75</subfield>
    <subfield code="X">System</subfield>
    <subfield code="U">2021-08-23 10:59:00</subfield>
    <subfield code="Y">2022-07-19 07:16:07</subfield>
    <subfield code="h">false</subfield>
    <subfield code="n">81TBM2411...</subfield>
    <subfield code="M">49HBZ_FSW</subfield>
    <subfield code="s">1</subfield>
    <subfield code="d">8</subfield>
    <subfield code="V">import</subfield>
    <subfield code="b">594099-20</subfield>
    <subfield code="N">Z30-CALL-NO-2: TBM2411...</subfield>
    <subfield code="a">2365401280006461</subfield>
    <subfield code="t">4</subfield>
    <subfield code="c">TBM2411...</subfield>
    <subfield code="W">2021-08-23 12:59:00</subfield>
    <subfield code="u">I5004</subfield>
    <subfield code="w">I5004</subfield>
  </datafield>
  <datafield tag="H52" ind1="8" ind2=" ">
    <subfield code="b">R3042</subfield>
    <subfield code="c">FHMAS</subfield>
    <subfield code="h">MAS 024/012</subfield>
    <subfield code="8">2265786120007476</subfield>
  </datafield>
  <datafield tag="HOL" ind1=" " ind2=" ">
    <subfield code="b">2022-07-12 09:35:24</subfield>
    <subfield code="8">2265786120007476</subfield>
    <subfield code="M">49HBZ_RTU</subfield>
    <subfield code="g">false</subfield>
    <subfield code="a">import</subfield>
  </datafield>
  <datafield tag="H52" ind1="8" ind2=" ">
    <subfield code="b">R3048</subfield>
    <subfield code="c">FHMAT</subfield>
    <subfield code="h">MAT Furl</subfield>
    <subfield code="8">2265786090007476</subfield>
  </datafield>
  <datafield tag="HOL" ind1=" " ind2=" ">
    <subfield code="b">2022-07-12 09:35:24</subfield>
    <subfield code="8">2265786090007476</subfield>
    <subfield code="M">49HBZ_RTU</subfield>
    <subfield code="g">false</subfield>
    <subfield code="a">import</subfield>
  </datafield>
  <datafield tag="H52" ind1="8" ind2=" ">
    <subfield code="b">RL002</subfield>
    <subfield code="c">ALLLD</subfield>
    <subfield code="h">mat 03-252/</subfield>
    <subfield code="8">2265786140007476</subfield>
  </datafield>
  <datafield tag="HOL" ind1=" " ind2=" ">
    <subfield code="b">2022-07-12 09:35:24</subfield>
    <subfield code="8">2265786140007476</subfield>
    <subfield code="M">49HBZ_RTU</subfield>
    <subfield code="g">false</subfield>
    <subfield code="a">import</subfield>
  </datafield>
  <datafield tag="ITM" ind1=" " ind2=" ">
    <subfield code="H">2265786120007476</subfield>
    <subfield code="x">FHMAS</subfield>
    <subfield code="f">CARDBOARD_RECORD</subfield>
    <subfield code="v">FHMAS</subfield>
    <subfield code="p">88</subfield>
    <subfield code="X">System</subfield>
    <subfield code="U">1996-03-01 10:59:00</subfield>
    <subfield code="Y">2022-07-12 09:37:09</subfield>
    <subfield code="h">false</subfield>
    <subfield code="n">MAS 024/012</subfield>
    <subfield code="M">49HBZ_RTU</subfield>
    <subfield code="s">1</subfield>
    <subfield code="d">8</subfield>
    <subfield code="V">import</subfield>
    <subfield code="b">400887-20</subfield>
    <subfield code="a">2365786110007476</subfield>
    <subfield code="t">8</subfield>
    <subfield code="c">MAS 024/012</subfield>
    <subfield code="W">1996-03-01 11:59:00</subfield>
    <subfield code="u">R3042</subfield>
    <subfield code="w">R3042</subfield>
  </datafield>
  <datafield tag="ITM" ind1=" " ind2=" ">
    <subfield code="H">2265786140007476</subfield>
    <subfield code="x">ALLLD</subfield>
    <subfield code="f">BOOK</subfield>
    <subfield code="v">ALLLD</subfield>
    <subfield code="p">43</subfield>
    <subfield code="X">System</subfield>
    <subfield code="U">2001-07-31 10:59:00</subfield>
    <subfield code="Y">2022-07-12 09:37:09</subfield>
    <subfield code="h">false</subfield>
    <subfield code="n">mat 03-252/</subfield>
    <subfield code="P">  / / /001</subfield>
    <subfield code="M">49HBZ_RTU</subfield>
    <subfield code="s">1</subfield>
    <subfield code="d">8</subfield>
    <subfield code="V">import</subfield>
    <subfield code="a">2365786130007476</subfield>
    <subfield code="t">8</subfield>
    <subfield code="c">mat 03-252/</subfield>
    <subfield code="W">2001-07-31 12:59:00</subfield>
    <subfield code="u">RL002</subfield>
    <subfield code="w">RL002</subfield>
  </datafield>
  <datafield tag="ITM" ind1=" " ind2=" ">
    <subfield code="H">2265786090007476</subfield>
    <subfield code="x">FHMAT</subfield>
    <subfield code="f">CARDBOARD_RECORD</subfield>
    <subfield code="v">FHMAT</subfield>
    <subfield code="p">88</subfield>
    <subfield code="X">System</subfield>
    <subfield code="U">1996-10-02 10:59:00</subfield>
    <subfield code="Y">2022-07-12 09:37:09</subfield>
    <subfield code="h">false</subfield>
    <subfield code="n">MAT Furl</subfield>
    <subfield code="M">49HBZ_RTU</subfield>
    <subfield code="s">1</subfield>
    <subfield code="d">8</subfield>
    <subfield code="V">import</subfield>
    <subfield code="b">400887-10</subfield>
    <subfield code="a">2365786080007476</subfield>
    <subfield code="t">8</subfield>
    <subfield code="c">MAT Furl</subfield>
    <subfield code="W">1996-10-02 12:59:00</subfield>
    <subfield code="u">R3048</subfield>
    <subfield code="w">R3048</subfield>
  </datafield>
  <datafield tag="H52" ind1="8" ind2="1">
    <subfield code="b">P0001</subfield>
    <subfield code="c">UNASSIGNED</subfield>
    <subfield code="8">22137495230006463</subfield>
  </datafield>
  <datafield tag="H80" ind1="1" ind2=" ">
    <subfield code="a">c</subfield>
    <subfield code="8">22137495230006463</subfield>
  </datafield>
  <datafield tag="HOL" ind1=" " ind2=" ">
    <subfield code="b">2022-07-14 09:52:32</subfield>
    <subfield code="8">22137495230006463</subfield>
    <subfield code="M">49HBZ_PAD</subfield>
    <subfield code="g">false</subfield>
    <subfield code="a">import</subfield>
  </datafield>
  <datafield tag="ITM" ind1=" " ind2=" ">
    <subfield code="H">22137495230006463</subfield>
    <subfield code="x">UNASSIGNED</subfield>
    <subfield code="f">MIXED</subfield>
    <subfield code="v">UNASSIGNED</subfield>
    <subfield code="p">20</subfield>
    <subfield code="X">System</subfield>
    <subfield code="U">1996-04-23 10:59:00</subfield>
    <subfield code="Y">2022-07-14 09:53:42</subfield>
    <subfield code="h">false</subfield>
    <subfield code="n">TBM1936-...</subfield>
    <subfield code="M">49HBZ_PAD</subfield>
    <subfield code="s">1</subfield>
    <subfield code="d">8</subfield>
    <subfield code="V">import</subfield>
    <subfield code="b">657775-10</subfield>
    <subfield code="a">23137495220006463</subfield>
    <subfield code="t">8</subfield>
    <subfield code="W">1996-04-23 12:59:00</subfield>
    <subfield code="u">P0001</subfield>
    <subfield code="w">P0001</subfield>
  </datafield>
  <datafield tag="H52" ind1="8" ind2="1">
    <subfield code="b">E0001</subfield>
    <subfield code="c">EHS</subfield>
    <subfield code="h">TBM1318 &lt;&lt;Grundsignatur&gt;&gt;</subfield>
    <subfield code="8">22369588590006446</subfield>
  </datafield>
  <datafield tag="HOL" ind1=" " ind2=" ">
    <subfield code="b">2021-04-15 16:02:48</subfield>
    <subfield code="8">22369588590006446</subfield>
    <subfield code="M">49HBZ_UDE</subfield>
    <subfield code="g">false</subfield>
    <subfield code="a">import</subfield>
  </datafield>
  <datafield tag="H52" ind1="8" ind2="1">
    <subfield code="b">D0001</subfield>
    <subfield code="c">DHS</subfield>
    <subfield code="h">TBM1318_d &lt;&lt;Grundsignatur&gt;&gt;</subfield>
    <subfield code="8">22369588600006446</subfield>
  </datafield>
  <datafield tag="HOL" ind1=" " ind2=" ">
    <subfield code="b">2021-04-15 16:02:48</subfield>
    <subfield code="8">22369588600006446</subfield>
    <subfield code="M">49HBZ_UDE</subfield>
    <subfield code="g">false</subfield>
    <subfield code="a">import</subfield>
  </datafield>
</record>