
<record>
  <leader>00898npm#a2200253#ca4500</leader>
  <controlfield tag="005">20220214093200.0</controlfield>
  <controlfield tag="007">zm</controlfield>
  <controlfield tag="008">990222|########fr##################fre#c</controlfield>
  <controlfield tag="003">DE-605</controlfield>
  <controlfield tag="001">990051552280206441</controlfield>
  <datafield tag="035" ind1=" " ind2=" ">
    <subfield code="a">(DE-605)HT009719670</subfield>
  </datafield>
  <datafield tag="040" ind1=" " ind2=" ">
    <subfield code="c">DE-605</subfield>
    <subfield code="a">467</subfield>
    <subfield code="b">ger</subfield>
    <subfield code="d">HBZ/Red</subfield>
    <subfield code="e">rakwb</subfield>
    <subfield code="d">DE-605</subfield>
  </datafield>
  <datafield tag="041" ind1=" " ind2=" ">
    <subfield code="a">fre</subfield>
  </datafield>
  <datafield tag="044" ind1=" " ind2=" ">
    <subfield code="c">XA-FR</subfield>
  </datafield>
  <datafield tag="245" ind1="0" ind2="0">
    <subfield code="a">&lt;&lt;Le&gt;&gt; cin&#xE9;ma de la vie</subfield>
    <subfield code="h">Medienkombination</subfield>
    <subfield code="b">extraits de films de Eric Rohmer</subfield>
    <subfield code="c">s&#xE9;lectionn&#xE9;s par Janine Courtillon et Genevi&#xE8;ve-Dominique de Salins</subfield>
  </datafield>
  <datafield tag="264" ind1=" " ind2="1">
    <subfield code="a">Paris</subfield>
    <subfield code="b">Hatier/Didier</subfield>
  </datafield>
  <datafield tag="490" ind1="0" ind2=" ">
    <subfield code="a">Les films du losange</subfield>
  </datafield>
  <datafield tag="490" ind1="0" ind2=" ">
    <subfield code="a">Collection libre &#xE9;change</subfield>
  </datafield>
  <datafield tag="964" ind1="0" ind2="s">
    <subfield code="F">051</subfield>
    <subfield code="A">n|||||||</subfield>
  </datafield>
  <datafield tag="964" ind1="0" ind2="s">
    <subfield code="F">030</subfield>
    <subfield code="A">a|1uc||||||37</subfield>
  </datafield>
  <datafield tag="964" ind1="0" ind2="s">
    <subfield code="F">050</subfield>
    <subfield code="A">|||||||a||||||</subfield>
  </datafield>
  <datafield tag="700" ind1="1" ind2=" ">
    <subfield code="a">Courtillon, Janine</subfield>
    <subfield code="0">(DE-588)172026644</subfield>
    <subfield code="4">oth</subfield>
    <subfield code="0">(uri) https://portal.dnb.de/opac.htm?method=simpleSearch&amp;cqlMode=true&amp;query=idn=172026644</subfield>
    <subfield code="0">(uri) http://viaf.org/viaf/sourceID/DNB|172026644</subfield>
  </datafield>
  <datafield tag="700" ind1="1" ind2=" ">
    <subfield code="a">Salins, Genevi&#xE8;ve-Dominique &lt;&lt;de&gt;&gt;</subfield>
    <subfield code="0">(DE-588)133991210</subfield>
    <subfield code="4">oth</subfield>
  </datafield>
  <datafield tag="700" ind1="1" ind2=" ">
    <subfield code="a">Rohmer, Eric</subfield>
    <subfield code="d">1920-2010</subfield>
    <subfield code="0">(DE-588)11860225X</subfield>
    <subfield code="4">oth</subfield>
    <subfield code="0">(uri) https://portal.dnb.de/opac.htm?method=simpleSearch&amp;cqlMode=true&amp;query=idn=11860225X</subfield>
    <subfield code="0">(uri) http://viaf.org/viaf/sourceID/DNB|11860225X</subfield>
  </datafield>
  <datafield tag="515" ind1=" " ind2=" ">
    <subfield code="a">Erschienen: 1 - 2, jeweils Videokass. u. Begleith.</subfield>
  </datafield>
  <datafield tag="MBD" ind1=" " ind2=" ">
    <subfield code="M">49HBZ_NETWORK</subfield>
    <subfield code="i">990051552280206441</subfield>
    <subfield code="n">HBZ Network</subfield>
  </datafield>
  <datafield tag="MNG" ind1=" " ind2=" ">
    <subfield code="c">System</subfield>
    <subfield code="f">HBZ</subfield>
    <subfield code="i">marc21</subfield>
    <subfield code="h">20220214093200.0</subfield>
    <subfield code="k">01</subfield>
    <subfield code="e">false</subfield>
    <subfield code="d">2022-02-15 05:03:30 Europe/Berlin</subfield>
    <subfield code="g">005155228-HBZ01</subfield>
    <subfield code="j">60</subfield>
    <subfield code="a">import</subfield>
    <subfield code="b">2021-04-05 12:34:03 Europe/Berlin</subfield>
  </datafield>
</record>