
<record>
  <leader>02529nas#a2200553#ca4500</leader>
  <controlfield tag="005">20220904052500.0</controlfield>
  <controlfield tag="007">tu</controlfield>
  <controlfield tag="008">991118m19552004sz##|#p##s####|####|eng#c</controlfield>
  <controlfield tag="003">DE-605</controlfield>
  <controlfield tag="001">990054215550206441</controlfield>
  <datafield tag="016" ind1="7" ind2=" ">
    <subfield code="a">010014802</subfield>
    <subfield code="2">DE-101b</subfield>
  </datafield>
  <datafield tag="016" ind1="7" ind2=" ">
    <subfield code="a">1257-9</subfield>
    <subfield code="2">DE-600</subfield>
  </datafield>
  <datafield tag="016" ind1="7" ind2=" ">
    <subfield code="a">645358650</subfield>
    <subfield code="2">OCoLC</subfield>
  </datafield>
  <datafield tag="022" ind1=" " ind2=" ">
    <subfield code="a">0066-3859</subfield>
    <subfield code="0">(uri) http://worldcat.org/issn/0066-3859</subfield>
  </datafield>
  <datafield tag="022" ind1=" " ind2=" ">
    <subfield code="a">0250-9911</subfield>
    <subfield code="0">(uri) http://worldcat.org/issn/0250-9911</subfield>
  </datafield>
  <datafield tag="035" ind1=" " ind2=" ">
    <subfield code="a">(DE-605)HT002619538</subfield>
  </datafield>
  <datafield tag="040" ind1=" " ind2=" ">
    <subfield code="a">9001</subfield>
    <subfield code="b">ger</subfield>
    <subfield code="c">DNB</subfield>
    <subfield code="d">9999</subfield>
    <subfield code="d">DE-605</subfield>
  </datafield>
  <datafield tag="041" ind1=" " ind2=" ">
    <subfield code="a">eng</subfield>
    <subfield code="a">fre</subfield>
    <subfield code="a">rus</subfield>
  </datafield>
  <datafield tag="044" ind1=" " ind2=" ">
    <subfield code="c">XA-CH</subfield>
  </datafield>
  <datafield tag="084" ind1=" " ind2=" ">
    <subfield code="a">050</subfield>
    <subfield code="q">DE-101</subfield>
    <subfield code="2">sdnb</subfield>
  </datafield>
  <datafield tag="084" ind1=" " ind2=" ">
    <subfield code="a">310</subfield>
    <subfield code="q">DE-600</subfield>
    <subfield code="2">zdbs</subfield>
  </datafield>
  <datafield tag="245" ind1="0" ind2="0">
    <subfield code="a">Annual bulletin of transport statistics for Europe and North America</subfield>
    <subfield code="b"> = Bulletin annuel de statistiques des transports pour l'Europe et l'Am&#xE9;rique du Nord = E&#x17E;egodnyj bjulleten' statistiki transporta dlja Evropy i Severnoj Ameriki</subfield>
    <subfield code="c">Economic Commission for Europe, Transport Division, United Nations</subfield>
  </datafield>
  <datafield tag="246" ind1="1" ind2="1">
    <subfield code="a">Bulletin annuel de statistiques des transports pour l'Europe et l'Am&#xE9;rique du Nord</subfield>
  </datafield>
  <datafield tag="246" ind1="1" ind2="1">
    <subfield code="a">E&#x17E;egodnyj bjulleten' statistiki transporta dlja Evropy i Severnoj Ameriki</subfield>
  </datafield>
  <datafield tag="246" ind1="3" ind2=" ">
    <subfield code="a">Bulletin annuel de statistiques des transports pour l'Europe et l'Am&#xE9;rique du Nord</subfield>
  </datafield>
  <datafield tag="246" ind1="3" ind2=" ">
    <subfield code="a">E&#x17E;egodnyj bjulleten' statistiki transporta dlja Evropy i Severnoj Ameriki</subfield>
  </datafield>
  <datafield tag="247" ind1="0" ind2="0">
    <subfield code="a">Annual bulletin of transport statistics for Europe</subfield>
    <subfield code="f">Hauptsacht. bis 44.1994</subfield>
  </datafield>
  <datafield tag="247" ind1="0" ind2="0">
    <subfield code="a">Bulletin annuel de statistiques de transports europ&#xE9;ens</subfield>
    <subfield code="f">Parallelsacht. bis 44.1994</subfield>
  </datafield>
  <datafield tag="247" ind1="0" ind2="0">
    <subfield code="a">E&#x17E;egodnyj bjulleten' evropejskoj statistiki transporta</subfield>
    <subfield code="f">Parallelsacht. bis 44.1994</subfield>
  </datafield>
  <datafield tag="264" ind1="3" ind2="1">
    <subfield code="a">Gen&#xE8;ve [u.a.]</subfield>
    <subfield code="b">UN</subfield>
    <subfield code="c">1955-2004</subfield>
    <subfield code="3">1955-2004</subfield>
  </datafield>
  <datafield tag="336" ind1=" " ind2=" ">
    <subfield code="b">txt</subfield>
  </datafield>
  <datafield tag="337" ind1=" " ind2=" ">
    <subfield code="b">n</subfield>
  </datafield>
  <datafield tag="338" ind1=" " ind2=" ">
    <subfield code="b">nc</subfield>
  </datafield>
  <datafield tag="362" ind1="0" ind2=" ">
    <subfield code="a">6.1954(1955) - 52.2004</subfield>
  </datafield>
  <datafield tag="363" ind1="0" ind2="0">
    <subfield code="8">1.1\x</subfield>
    <subfield code="a">6</subfield>
    <subfield code="i">1954</subfield>
  </datafield>
  <datafield tag="363" ind1="1" ind2="0">
    <subfield code="8">1.2\x</subfield>
    <subfield code="a">52</subfield>
    <subfield code="i">2004</subfield>
  </datafield>
  <datafield tag="035" ind1=" " ind2=" ">
    <subfield code="a">(DE-600)1257-9</subfield>
  </datafield>
  <datafield tag="035" ind1=" " ind2=" ">
    <subfield code="a">(OCoLC)645358650</subfield>
    <subfield code="0">(uri) http://www.worldcat.org/oclc/645358650</subfield>
  </datafield>
  <datafield tag="035" ind1=" " ind2=" ">
    <subfield code="a">(DE-599)ZDB1257-9</subfield>
  </datafield>
  <datafield tag="964" ind1="0" ind2="i">
    <subfield code="I">marc-FMT via MAB2MARC</subfield>
    <subfield code="F">FMT</subfield>
    <subfield code="A">SE</subfield>
  </datafield>
  <datafield tag="964" ind1="0" ind2="s">
    <subfield code="F">030</subfield>
    <subfield code="A">a||u|||||||37</subfield>
  </datafield>
  <datafield tag="964" ind1="0" ind2="s">
    <subfield code="F">050</subfield>
    <subfield code="A">a|a|||||||||||</subfield>
  </datafield>
  <datafield tag="964" ind1="0" ind2="s">
    <subfield code="F">052</subfield>
    <subfield code="A">pst||||t|||||||</subfield>
  </datafield>
  <datafield tag="710" ind1="2" ind2=" ">
    <subfield code="a">Vereinte Nationen</subfield>
    <subfield code="b">Wirtschaftskommission f&#xFC;r Europa</subfield>
    <subfield code="0">(DE-588)2023669-4</subfield>
    <subfield code="4">isb</subfield>
    <subfield code="0">(uri) https://portal.dnb.de/opac.htm?method=simpleSearch&amp;cqlMode=true&amp;query=idn=004811186</subfield>
    <subfield code="0">(uri) http://viaf.org/viaf/sourceID/DNB|004811186</subfield>
  </datafield>
  <datafield tag="780" ind1="0" ind2="0">
    <subfield code="i">Vorg.:</subfield>
    <subfield code="t">Annual bulletin of transport statistics</subfield>
    <subfield code="d">Gen&#xE8;ve, 1950-1955</subfield>
    <subfield code="w">(DE-605)HT007026410</subfield>
  </datafield>
  <datafield tag="785" ind1="0" ind2="0">
    <subfield code="i">Forts. als Online-Ausg.</subfield>
    <subfield code="t">Annual bulletin of transport statistics for Europe and North America</subfield>
    <subfield code="d">New York, NY [u.a.] : United Nations, 2004-2008</subfield>
    <subfield code="h">Online-Ressource</subfield>
    <subfield code="w">(DE-605)HT014419735</subfield>
  </datafield>
  <datafield tag="655" ind1=" " ind2="7">
    <subfield code="a">Zeitschrift</subfield>
    <subfield code="0">(DE-588)4067488-5</subfield>
    <subfield code="2">gnd-content</subfield>
  </datafield>
  <datafield tag="655" ind1=" " ind2="7">
    <subfield code="a">Statistik</subfield>
    <subfield code="0">(DE-588)4056995-0</subfield>
    <subfield code="2">gnd-content</subfield>
  </datafield>
  <datafield tag="546" ind1=" " ind2=" ">
    <subfield code="a">Text engl., franz. u. russ.</subfield>
  </datafield>
  <datafield tag="591" ind1=" " ind2=" ">
    <subfield code="a">FA!C!89!(04-07-05)</subfield>
  </datafield>
  <datafield tag="MBD" ind1=" " ind2=" ">
    <subfield code="M">49HBZ_NETWORK</subfield>
    <subfield code="i">990054215550206441</subfield>
    <subfield code="n">HBZ Network</subfield>
  </datafield>
  <datafield tag="MNG" ind1=" " ind2=" ">
    <subfield code="c">System</subfield>
    <subfield code="f">HBZ</subfield>
    <subfield code="i">marc21</subfield>
    <subfield code="h">20220904052500.0</subfield>
    <subfield code="k">01</subfield>
    <subfield code="e">false</subfield>
    <subfield code="d">2022-09-04 06:48:51 Europe/Berlin</subfield>
    <subfield code="g">005421555-HBZ01</subfield>
    <subfield code="j">90</subfield>
    <subfield code="a">import</subfield>
    <subfield code="b">2021-04-06 00:46:03 Europe/Berlin</subfield>
  </datafield>
</record>