
<record>
  <leader>01121nam#a2200373#cb4500</leader>
  <controlfield tag="005">20220307132600.0</controlfield>
  <controlfield tag="007">tu</controlfield>
  <controlfield tag="008">980615|1974####gw#######u####|||#|#ger#c</controlfield>
  <controlfield tag="003">DE-605</controlfield>
  <controlfield tag="001">990059571560206441</controlfield>
  <datafield tag="016" ind1="7" ind2=" ">
    <subfield code="a">916023707</subfield>
    <subfield code="2">OCoLC</subfield>
  </datafield>
  <datafield tag="020" ind1=" " ind2=" ">
    <subfield code="a">3410104356</subfield>
    <subfield code="9">3-410-10435-6</subfield>
    <subfield code="0">(uri) http://www.isbnsearch.org/isbn/3410104356</subfield>
  </datafield>
  <datafield tag="035" ind1=" " ind2=" ">
    <subfield code="a">(DE-605)HT001039253</subfield>
  </datafield>
  <datafield tag="040" ind1=" " ind2=" ">
    <subfield code="c">DE-605</subfield>
    <subfield code="a">832</subfield>
    <subfield code="b">ger</subfield>
    <subfield code="d">5</subfield>
    <subfield code="e">rakwb</subfield>
    <subfield code="d">DE-605</subfield>
  </datafield>
  <datafield tag="041" ind1=" " ind2=" ">
    <subfield code="a">ger</subfield>
  </datafield>
  <datafield tag="044" ind1=" " ind2=" ">
    <subfield code="c">XA-DE</subfield>
  </datafield>
  <datafield tag="245" ind1="0" ind2="0">
    <subfield code="a">Federnnormen</subfield>
    <subfield code="c">hrsg. vom Dt. Normenausschuss (DNA)</subfield>
  </datafield>
  <datafield tag="250" ind1=" " ind2=" ">
    <subfield code="a">2., ge&#xE4;nd. Aufl., Stand d.abgedr. Normen: Januar 1974</subfield>
  </datafield>
  <datafield tag="264" ind1=" " ind2="1">
    <subfield code="a">Berlin [u.a.]</subfield>
    <subfield code="b">Beuth</subfield>
    <subfield code="c">1974</subfield>
  </datafield>
  <datafield tag="300" ind1=" " ind2=" ">
    <subfield code="a">226 S. : graph. Darst.</subfield>
  </datafield>
  <datafield tag="336" ind1=" " ind2=" ">
    <subfield code="b">txt</subfield>
  </datafield>
  <datafield tag="337" ind1=" " ind2=" ">
    <subfield code="b">n</subfield>
  </datafield>
  <datafield tag="338" ind1=" " ind2=" ">
    <subfield code="b">nc</subfield>
  </datafield>
  <datafield tag="490" ind1="1" ind2=" ">
    <subfield code="a">DIN-Taschenbuch</subfield>
    <subfield code="v">29</subfield>
  </datafield>
  <datafield tag="689" ind1="0" ind2="0">
    <subfield code="a">Feder</subfield>
    <subfield code="D">s</subfield>
    <subfield code="0">(DE-588)4016583-8</subfield>
    <subfield code="0">(uri) https://portal.dnb.de/opac.htm?method=simpleSearch&amp;cqlMode=true&amp;query=idn=040165833</subfield>
    <subfield code="0">(uri) http://viaf.org/viaf/sourceID/DNB|040165833</subfield>
  </datafield>
  <datafield tag="689" ind1="0" ind2="1">
    <subfield code="a">Norm</subfield>
    <subfield code="D">s</subfield>
    <subfield code="0">(DE-588)4419668-4</subfield>
    <subfield code="0">(uri) https://portal.dnb.de/opac.htm?method=simpleSearch&amp;cqlMode=true&amp;query=idn=94827171X</subfield>
    <subfield code="0">(uri) http://viaf.org/viaf/sourceID/DNB|94827171X</subfield>
  </datafield>
  <datafield tag="830" ind1=" " ind2="0">
    <subfield code="a">DIN-Taschenbuch</subfield>
    <subfield code="w">(DE-605)HT002156469</subfield>
    <subfield code="v">29</subfield>
    <subfield code="9">O:1</subfield>
  </datafield>
  <datafield tag="960" ind1="1" ind2=" ">
    <subfield code="o">retro</subfield>
  </datafield>
  <datafield tag="964" ind1="0" ind2="s">
    <subfield code="F">051</subfield>
    <subfield code="A">sn||||||</subfield>
  </datafield>
  <datafield tag="964" ind1="0" ind2="s">
    <subfield code="F">030</subfield>
    <subfield code="A">a|1uc||||||37</subfield>
  </datafield>
  <datafield tag="964" ind1="0" ind2="s">
    <subfield code="F">050</subfield>
    <subfield code="A">a|||||||||||||</subfield>
  </datafield>
  <datafield tag="035" ind1=" " ind2=" ">
    <subfield code="a">(OCoLC)916023707</subfield>
    <subfield code="0">(uri) http://www.worldcat.org/oclc/916023707</subfield>
  </datafield>
  <datafield tag="035" ind1=" " ind2=" ">
    <subfield code="a">(DE-599)HBZHT001039253</subfield>
  </datafield>
  <datafield tag="710" ind1="2" ind2=" ">
    <subfield code="a">Deutscher Normenausschu&#xDF;</subfield>
    <subfield code="0">(DE-588)41115-2</subfield>
    <subfield code="4">oth</subfield>
    <subfield code="0">(uri) https://portal.dnb.de/opac.htm?method=simpleSearch&amp;cqlMode=true&amp;query=idn=000411159</subfield>
    <subfield code="0">(uri) http://viaf.org/viaf/sourceID/DNB|000411159</subfield>
  </datafield>
  <datafield tag="583" ind1="1" ind2=" ">
    <subfield code="a">Archivierung/Langzeitarchivierung gew&#xE4;hrleistet</subfield>
    <subfield code="c">2022</subfield>
    <subfield code="f">PENW</subfield>
    <subfield code="5">DE-5</subfield>
  </datafield>
  <datafield tag="MBD" ind1=" " ind2=" ">
    <subfield code="M">49HBZ_NETWORK</subfield>
    <subfield code="i">990059571560206441</subfield>
    <subfield code="n">HBZ Network</subfield>
  </datafield>
  <datafield tag="MBD" ind1=" " ind2=" ">
    <subfield code="M">49HBZ_UBA</subfield>
    <subfield code="i">991004569639706448</subfield>
    <subfield code="n">RWTH Aachen</subfield>
  </datafield>
  <datafield tag="020" ind1=" " ind2=" ">
    <subfield code="a">3410104356</subfield>
    <subfield code="9">3-410-10435-6</subfield>
    <subfield code="M">49HBZ_UBA</subfield>
  </datafield>
  <datafield tag="830" ind1=" " ind2="0">
    <subfield code="a">DIN-Taschenbuch</subfield>
    <subfield code="w">(DE-605)HT002156469</subfield>
    <subfield code="v">29</subfield>
    <subfield code="9">O:1</subfield>
    <subfield code="M">49HBZ_UBA</subfield>
  </datafield>
  <datafield tag="980" ind1="1" ind2=" ">
    <subfield code="a">a</subfield>
    <subfield code="e">HBZ</subfield>
    <subfield code="9">LOCAL</subfield>
    <subfield code="M">49HBZ_UBA</subfield>
  </datafield>
  <datafield tag="981" ind1=" " ind2=" ">
    <subfield code="a">(DE-82)426483</subfield>
    <subfield code="9">LOCAL</subfield>
    <subfield code="M">49HBZ_UBA</subfield>
  </datafield>
  <datafield tag="997" ind1=" " ind2=" ">
    <subfield code="a">19990714</subfield>
    <subfield code="b">20220307</subfield>
    <subfield code="9">LOCAL</subfield>
    <subfield code="M">49HBZ_UBA</subfield>
  </datafield>
  <datafield tag="MNG" ind1=" " ind2=" ">
    <subfield code="c">System</subfield>
    <subfield code="f">HBZ</subfield>
    <subfield code="i">marc21</subfield>
    <subfield code="h">20220307132600.0</subfield>
    <subfield code="k">01</subfield>
    <subfield code="e">false</subfield>
    <subfield code="d">2022-03-08 04:08:16 Europe/Berlin</subfield>
    <subfield code="g">005957156-HBZ01</subfield>
    <subfield code="j">60</subfield>
    <subfield code="a">import</subfield>
    <subfield code="b">2021-04-05 12:57:43 Europe/Berlin</subfield>
  </datafield>
  <datafield tag="H52" ind1="8" ind2=" ">
    <subfield code="b">ZB</subfield>
    <subfield code="c">MAGAZIN_2</subfield>
    <subfield code="8">22246474350006448</subfield>
  </datafield>
  <datafield tag="HOL" ind1=" " ind2=" ">
    <subfield code="b">2022-07-20 22:23:53</subfield>
    <subfield code="8">22246474350006448</subfield>
    <subfield code="M">49HBZ_UBA</subfield>
    <subfield code="g">false</subfield>
    <subfield code="a">import</subfield>
  </datafield>
  <datafield tag="ITM" ind1=" " ind2=" ">
    <subfield code="H">22246474350006448</subfield>
    <subfield code="x">MAGAZIN_2</subfield>
    <subfield code="f">BOOK</subfield>
    <subfield code="v">MAGAZIN_2</subfield>
    <subfield code="p">Standard</subfield>
    <subfield code="X">System</subfield>
    <subfield code="U">2022-07-20 10:59:00</subfield>
    <subfield code="Y">2022-07-20 22:24:38</subfield>
    <subfield code="h">false</subfield>
    <subfield code="n">FK162-29+2</subfield>
    <subfield code="G">1</subfield>
    <subfield code="M">49HBZ_UBA</subfield>
    <subfield code="s">1</subfield>
    <subfield code="d">8</subfield>
    <subfield code="V">import</subfield>
    <subfield code="L">Magazinetage: 0</subfield>
    <subfield code="b">FK162-29+2</subfield>
    <subfield code="O">Ausleihz&#xE4;hler Migrationsjahr: 0 | Ausleihz&#xE4;hler Vor-Migrationsjahr: 0 | Ausleihz&#xE4;hler vorletztes Migrationsjahr: 0 | Vormerkz&#xE4;hler Migrationsjahr: 0</subfield>
    <subfield code="N">Fernleihkonditionen: 0</subfield>
    <subfield code="a">23246474340006448</subfield>
    <subfield code="t">8</subfield>
    <subfield code="W">2022-07-20 22:23:53</subfield>
    <subfield code="u">ZB</subfield>
    <subfield code="w">ZB</subfield>
  </datafield>
</record>