
<record>
  <leader>01152naa#a22003492cc4500</leader>
  <controlfield tag="005">20210408121428.0</controlfield>
  <controlfield tag="007">tu</controlfield>
  <controlfield tag="008">940829|1993####gw############|||#|#ger#c</controlfield>
  <controlfield tag="003">DE-605</controlfield>
  <controlfield tag="001">990110509950206441</controlfield>
  <datafield tag="020" ind1=" " ind2=" ">
    <subfield code="a">3575112088</subfield>
    <subfield code="9">3-575-11208-8</subfield>
    <subfield code="0">(uri) http://www.isbnsearch.org/isbn/3575112088</subfield>
  </datafield>
  <datafield tag="035" ind1=" " ind2=" ">
    <subfield code="a">(DE-605)BT000003404</subfield>
  </datafield>
  <datafield tag="040" ind1=" " ind2=" ">
    <subfield code="a">6/NWBib</subfield>
    <subfield code="b">ger</subfield>
    <subfield code="d">6</subfield>
    <subfield code="e">rakwb</subfield>
  </datafield>
  <datafield tag="041" ind1=" " ind2=" ">
    <subfield code="a">ger</subfield>
  </datafield>
  <datafield tag="044" ind1=" " ind2=" ">
    <subfield code="c">XA-DE</subfield>
  </datafield>
  <datafield tag="084" ind1=" " ind2=" ">
    <subfield code="a">Nordrhein-Westfalen</subfield>
    <subfield code="0">https://nwbib.de/spatial#N01</subfield>
    <subfield code="2">nwbib</subfield>
    <subfield code="0">(uri) https://portal.dnb.de/opac.htm?method=simpleSearch&amp;cqlMode=true&amp;query=idn=040425703</subfield>
    <subfield code="0">(uri) http://viaf.org/viaf/sourceID/DNB|040425703</subfield>
  </datafield>
  <datafield tag="084" ind1=" " ind2=" ">
    <subfield code="a">Karten</subfield>
    <subfield code="0">https://nwbib.de/subjects#N126000</subfield>
    <subfield code="2">nwbib</subfield>
  </datafield>
  <datafield tag="245" ind1="0" ind2="0">
    <subfield code="a">Deutschland</subfield>
    <subfield code="n">2</subfield>
    <subfield code="p">Nordrhein-Westfalen, Niedersachsen-S&#xFC;d : mit Ortsverzeichnis</subfield>
  </datafield>
  <datafield tag="250" ind1=" " ind2=" ">
    <subfield code="a">10.[Aufl., Ausg.] 1993/94</subfield>
  </datafield>
  <datafield tag="264" ind1=" " ind2="1">
    <subfield code="a">Berlin [u.a.]</subfield>
    <subfield code="b">Reise- u. Verkehrsverl.</subfield>
    <subfield code="c">1993</subfield>
  </datafield>
  <datafield tag="300" ind1=" " ind2=" ">
    <subfield code="a">Kt.</subfield>
  </datafield>
  <datafield tag="490" ind1="0" ind2=" ">
    <subfield code="a">Euro cart : Euro-Regionalkarte</subfield>
  </datafield>
  <datafield tag="591" ind1=" " ind2=" ">
    <subfield code="a">Aufn. nach DNB,C</subfield>
  </datafield>
  <datafield tag="655" ind1=" " ind2="7">
    <subfield code="a">Karte</subfield>
    <subfield code="0">(DE-588)4029783-4</subfield>
    <subfield code="2">gnd-content</subfield>
  </datafield>
  <datafield tag="689" ind1="0" ind2="0">
    <subfield code="a">Nordrhein-Westfalen</subfield>
    <subfield code="D">g</subfield>
    <subfield code="0">(DE-588)4042570-8</subfield>
    <subfield code="0">(uri) https://portal.dnb.de/opac.htm?method=simpleSearch&amp;cqlMode=true&amp;query=idn=040425703</subfield>
    <subfield code="0">(uri) http://viaf.org/viaf/sourceID/DNB|040425703</subfield>
  </datafield>
  <datafield tag="689" ind1="1" ind2="0">
    <subfield code="a">Niedersachsen</subfield>
    <subfield code="z">S&#xFC;d</subfield>
    <subfield code="D">g</subfield>
    <subfield code="0">(DE-588)4115393-5</subfield>
    <subfield code="0">(uri) https://portal.dnb.de/opac.htm?method=simpleSearch&amp;cqlMode=true&amp;query=idn=041153936</subfield>
    <subfield code="0">(uri) http://viaf.org/viaf/sourceID/DNB|041153936</subfield>
  </datafield>
  <datafield tag="773" ind1="0" ind2="8">
    <subfield code="w">(DE-605)BT000100437</subfield>
    <subfield code="q">2</subfield>
  </datafield>
  <datafield tag="960" ind1="1" ind2=" ">
    <subfield code="n">NWBib-6</subfield>
  </datafield>
  <datafield tag="964" ind1="0" ind2="s">
    <subfield code="F">030</subfield>
    <subfield code="A">h|1uc||||||||</subfield>
  </datafield>
  <datafield tag="964" ind1="0" ind2="s">
    <subfield code="F">050</subfield>
    <subfield code="A">a|||||||||||||</subfield>
  </datafield>
  <datafield tag="964" ind1="0" ind2="s">
    <subfield code="F">051</subfield>
    <subfield code="A">a|||||||</subfield>
  </datafield>
  <datafield tag="035" ind1=" " ind2=" ">
    <subfield code="a">(DE-599)HBZBT000003404</subfield>
  </datafield>
  <datafield tag="MBD" ind1=" " ind2=" ">
    <subfield code="M">49HBZ_NETWORK</subfield>
    <subfield code="i">990110509950206441</subfield>
    <subfield code="n">HBZ Network</subfield>
  </datafield>
  <datafield tag="MNG" ind1=" " ind2=" ">
    <subfield code="c">System</subfield>
    <subfield code="f">ILS</subfield>
    <subfield code="i">marc21</subfield>
    <subfield code="k">01</subfield>
    <subfield code="e">false</subfield>
    <subfield code="d">2021-04-08 12:14:28 Europe/Berlin</subfield>
    <subfield code="g">011050995-HBZ01</subfield>
    <subfield code="j">60</subfield>
    <subfield code="a">import</subfield>
    <subfield code="b">2021-04-06 01:38:44 Europe/Berlin</subfield>
  </datafield>
</record>