
<record>
  <leader>01286njm#a2200337#c#4500</leader>
  <controlfield tag="005">20210408151358.0</controlfield>
  <controlfield tag="007">co#||a||||||||</controlfield>
  <controlfield tag="007">sd#|||||||||||</controlfield>
  <controlfield tag="008">990816|1994####xx#|||##################c</controlfield>
  <controlfield tag="003">DE-605</controlfield>
  <controlfield tag="001">990122511970206441</controlfield>
  <datafield tag="028" ind1="5" ind2="2">
    <subfield code="a">CDA66941/2</subfield>
  </datafield>
  <datafield tag="035" ind1=" " ind2=" ">
    <subfield code="a">(DE-605)TT000075751</subfield>
  </datafield>
  <datafield tag="040" ind1=" " ind2=" ">
    <subfield code="a">Kn 38</subfield>
    <subfield code="b">ger</subfield>
    <subfield code="c">Kn 38</subfield>
    <subfield code="d">467</subfield>
    <subfield code="e">rakwb</subfield>
  </datafield>
  <datafield tag="090" ind1=" " ind2=" ">
    <subfield code="b">a</subfield>
  </datafield>
  <datafield tag="100" ind1="1" ind2=" ">
    <subfield code="a">Britten, Benjamin</subfield>
    <subfield code="d">1913-1976</subfield>
    <subfield code="0">(DE-588)118515527</subfield>
    <subfield code="4">cre</subfield>
    <subfield code="0">(uri) https://portal.dnb.de/opac.htm?method=simpleSearch&amp;cqlMode=true&amp;query=idn=118515527</subfield>
    <subfield code="0">(uri) http://viaf.org/viaf/sourceID/DNB|118515527</subfield>
  </datafield>
  <datafield tag="240" ind1="1" ind2="0">
    <subfield code="a">Folk song arrangements</subfield>
  </datafield>
  <datafield tag="245" ind1="1" ind2="0">
    <subfield code="a">Complete folk song arrangements</subfield>
    <subfield code="h">Tontr&#xE4;ger</subfield>
    <subfield code="c">Benjamin Britten. Lorna Anderson, soprano ; Regina Nathan, soprano ; Jamie MacDougall, tenor ; Malcolm Martineau, piano ; Bryn Lewis, harp ; Craig Ogden, guitar</subfield>
  </datafield>
  <datafield tag="264" ind1=" " ind2="4">
    <subfield code="c">P1994</subfield>
  </datafield>
  <datafield tag="264" ind1=" " ind2="1">
    <subfield code="a">London</subfield>
    <subfield code="b">Hyperion</subfield>
    <subfield code="c">P 1994</subfield>
  </datafield>
  <datafield tag="300" ind1=" " ind2=" ">
    <subfield code="a">2 CD : DDD + Beih.</subfield>
  </datafield>
  <datafield tag="700" ind1="1" ind2=" ">
    <subfield code="a">Anderson, Lorna</subfield>
    <subfield code="d">1962-</subfield>
    <subfield code="0">(DE-588)13482167X</subfield>
    <subfield code="4">sng</subfield>
    <subfield code="0">(uri) https://portal.dnb.de/opac.htm?method=simpleSearch&amp;cqlMode=true&amp;query=idn=13482167X</subfield>
    <subfield code="0">(uri) http://viaf.org/viaf/sourceID/DNB|13482167X</subfield>
  </datafield>
  <datafield tag="700" ind1="1" ind2=" ">
    <subfield code="a">Nathan, Regina</subfield>
    <subfield code="0">(DE-588)134926285</subfield>
    <subfield code="4">sng</subfield>
    <subfield code="0">(uri) https://portal.dnb.de/opac.htm?method=simpleSearch&amp;cqlMode=true&amp;query=idn=134926285</subfield>
    <subfield code="0">(uri) http://viaf.org/viaf/sourceID/DNB|134926285</subfield>
  </datafield>
  <datafield tag="700" ind1="1" ind2=" ">
    <subfield code="a">Martineau, Malcolm</subfield>
    <subfield code="d">1960-</subfield>
    <subfield code="0">(DE-588)134769236</subfield>
    <subfield code="4">itr</subfield>
    <subfield code="e">Klavier</subfield>
    <subfield code="0">(uri) https://portal.dnb.de/opac.htm?method=simpleSearch&amp;cqlMode=true&amp;query=idn=134769236</subfield>
    <subfield code="0">(uri) http://viaf.org/viaf/sourceID/DNB|134769236</subfield>
  </datafield>
  <datafield tag="700" ind1="1" ind2=" ">
    <subfield code="a">MacDougall, Jamie</subfield>
    <subfield code="d">1966-</subfield>
    <subfield code="0">(DE-588)134782852</subfield>
    <subfield code="4">sng</subfield>
    <subfield code="0">(uri) https://portal.dnb.de/opac.htm?method=simpleSearch&amp;cqlMode=true&amp;query=idn=134782852</subfield>
    <subfield code="0">(uri) http://viaf.org/viaf/sourceID/DNB|134782852</subfield>
  </datafield>
  <datafield tag="700" ind1="1" ind2=" ">
    <subfield code="a">Lewis, Bryn</subfield>
    <subfield code="0">(DE-588)134845323</subfield>
    <subfield code="4">itr</subfield>
    <subfield code="e">Harfe</subfield>
    <subfield code="0">(uri) https://portal.dnb.de/opac.htm?method=simpleSearch&amp;cqlMode=true&amp;query=idn=134845323</subfield>
    <subfield code="0">(uri) http://viaf.org/viaf/sourceID/DNB|134845323</subfield>
  </datafield>
  <datafield tag="700" ind1="1" ind2=" ">
    <subfield code="a">Ogden, Craig</subfield>
    <subfield code="0">(DE-588)134926277</subfield>
    <subfield code="4">itr</subfield>
    <subfield code="e">Gitarre</subfield>
    <subfield code="0">(uri) https://portal.dnb.de/opac.htm?method=simpleSearch&amp;cqlMode=true&amp;query=idn=134926277</subfield>
    <subfield code="0">(uri) http://viaf.org/viaf/sourceID/DNB|134926277</subfield>
  </datafield>
  <datafield tag="964" ind1="0" ind2="s">
    <subfield code="F">030</subfield>
    <subfield code="A">a|1uc||||||17</subfield>
  </datafield>
  <datafield tag="964" ind1="0" ind2="s">
    <subfield code="F">050</subfield>
    <subfield code="A">|||||aa|||||||</subfield>
  </datafield>
  <datafield tag="964" ind1="0" ind2="s">
    <subfield code="F">051</subfield>
    <subfield code="A">m|||||||</subfield>
  </datafield>
  <datafield tag="035" ind1=" " ind2=" ">
    <subfield code="a">(DE-599)HBZTT000075751</subfield>
  </datafield>
  <datafield tag="MBD" ind1=" " ind2=" ">
    <subfield code="M">49HBZ_NETWORK</subfield>
    <subfield code="i">990122511970206441</subfield>
    <subfield code="n">HBZ Network</subfield>
  </datafield>
  <datafield tag="MNG" ind1=" " ind2=" ">
    <subfield code="c">System</subfield>
    <subfield code="f">ILS</subfield>
    <subfield code="i">marc21</subfield>
    <subfield code="k">01</subfield>
    <subfield code="e">false</subfield>
    <subfield code="d">2021-06-10 04:46:00 Europe/Berlin</subfield>
    <subfield code="g">012251197-HBZ01</subfield>
    <subfield code="j">60</subfield>
    <subfield code="a">import</subfield>
    <subfield code="b">2021-04-05 21:23:37 Europe/Berlin</subfield>
  </datafield>
</record>