
<record>
  <leader>00685naa#a2200217#cc4500</leader>
  <controlfield tag="005">20210408152502.0</controlfield>
  <controlfield tag="007">tu</controlfield>
  <controlfield tag="008">980807|1992####xx############|||#|#####c</controlfield>
  <controlfield tag="003">DE-605</controlfield>
  <controlfield tag="001">990123613330206441</controlfield>
  <datafield tag="028" ind1="5" ind2="2">
    <subfield code="a">FC 57</subfield>
  </datafield>
  <datafield tag="035" ind1=" " ind2=" ">
    <subfield code="a">(DE-605)TT000166861</subfield>
  </datafield>
  <datafield tag="040" ind1=" " ind2=" ">
    <subfield code="a">MHS</subfield>
    <subfield code="b">ger</subfield>
    <subfield code="c">MHS</subfield>
    <subfield code="e">rakwb</subfield>
  </datafield>
  <datafield tag="245" ind1="0" ind2="0">
    <subfield code="a">&lt;&lt;Die&gt;&gt; Sonnenblume [Medienkombination]</subfield>
    <subfield code="b">99 Lieder f&#xFC;r Kinder ; Grundschule</subfield>
    <subfield code="n">Tonkassette</subfield>
    <subfield code="c">[hrsg. von] Heinz Lemmermann</subfield>
  </datafield>
  <datafield tag="264" ind1=" " ind2="1">
    <subfield code="a">Boppard [u.a.]</subfield>
    <subfield code="b">Fidula</subfield>
    <subfield code="c">[1992]</subfield>
  </datafield>
  <datafield tag="300" ind1=" " ind2=" ">
    <subfield code="a">1 Kompaktkassette</subfield>
  </datafield>
  <datafield tag="700" ind1="1" ind2=" ">
    <subfield code="a">Lemmermann, Heinz</subfield>
    <subfield code="4">edt</subfield>
    <subfield code="9">O:H</subfield>
  </datafield>
  <datafield tag="773" ind1="0" ind2="8">
    <subfield code="w">(DE-605)TT000034241</subfield>
    <subfield code="q">Tonkassette</subfield>
  </datafield>
  <datafield tag="964" ind1="0" ind2="s">
    <subfield code="F">030</subfield>
    <subfield code="A">a|1uc||||||||</subfield>
  </datafield>
  <datafield tag="964" ind1="0" ind2="s">
    <subfield code="F">050</subfield>
    <subfield code="A">a|||||||||||||</subfield>
  </datafield>
  <datafield tag="964" ind1="0" ind2="s">
    <subfield code="F">051</subfield>
    <subfield code="A">a|||||||</subfield>
  </datafield>
  <datafield tag="MBD" ind1=" " ind2=" ">
    <subfield code="M">49HBZ_NETWORK</subfield>
    <subfield code="i">990123613330206441</subfield>
    <subfield code="n">HBZ Network</subfield>
  </datafield>
  <datafield tag="MNG" ind1=" " ind2=" ">
    <subfield code="c">System</subfield>
    <subfield code="f">ILS</subfield>
    <subfield code="i">marc21</subfield>
    <subfield code="k">01</subfield>
    <subfield code="e">false</subfield>
    <subfield code="d">2021-04-08 15:25:02 Europe/Berlin</subfield>
    <subfield code="g">012361333-HBZ01</subfield>
    <subfield code="j">60</subfield>
    <subfield code="a">import</subfield>
    <subfield code="b">2021-04-05 17:12:18 Europe/Berlin</subfield>
  </datafield>
</record>