
<record>
  <leader>01742ncm#a2200385#c#4500</leader>
  <controlfield tag="005">20210408182821.0</controlfield>
  <controlfield tag="007">qu</controlfield>
  <controlfield tag="007">sd#u||||||||||</controlfield>
  <controlfield tag="008">051020|1981####gw#uu|##############ger#c</controlfield>
  <controlfield tag="003">DE-605</controlfield>
  <controlfield tag="001">990139686910206441</controlfield>
  <datafield tag="028" ind1="5" ind2="2">
    <subfield code="a">29 511 3</subfield>
  </datafield>
  <datafield tag="035" ind1=" " ind2=" ">
    <subfield code="a">(DE-605)HT014525099</subfield>
  </datafield>
  <datafield tag="040" ind1=" " ind2=" ">
    <subfield code="a">294</subfield>
    <subfield code="b">ger</subfield>
    <subfield code="e">rakwb</subfield>
  </datafield>
  <datafield tag="041" ind1=" " ind2=" ">
    <subfield code="a">ger</subfield>
  </datafield>
  <datafield tag="044" ind1=" " ind2=" ">
    <subfield code="c">XA-DDDE</subfield>
  </datafield>
  <datafield tag="090" ind1=" " ind2=" ">
    <subfield code="b">f</subfield>
  </datafield>
  <datafield tag="100" ind1="1" ind2=" ">
    <subfield code="a">Bach, Johann Sebastian</subfield>
    <subfield code="d">1685-1750</subfield>
    <subfield code="0">(DE-588)11850553X</subfield>
    <subfield code="4">cmp</subfield>
    <subfield code="0">(uri) https://portal.dnb.de/opac.htm?method=simpleSearch&amp;cqlMode=true&amp;query=idn=11850553X</subfield>
    <subfield code="0">(uri) http://viaf.org/viaf/sourceID/DNB|11850553X</subfield>
  </datafield>
  <datafield tag="240" ind1="1" ind2="0">
    <subfield code="a">Kantaten / Ausw.</subfield>
  </datafield>
  <datafield tag="245" ind1="1" ind2="0">
    <subfield code="a">Kantaten Ostern, Pfingsten</subfield>
    <subfield code="h">Tontr&#xE4;ger</subfield>
    <subfield code="b">Christ lag in Todesbanden BWV 4 ; Ein Herz, da seinen Jesum lebend wei&#xDF; BWV 134 ; Erschallet, ihr Lieder BWV 172 ; Also hat Gott die Welt geliebt BWV 68</subfield>
    <subfield code="c">Johann Sebastian Bach</subfield>
  </datafield>
  <datafield tag="264" ind1=" " ind2="1">
    <subfield code="a">Berlin</subfield>
    <subfield code="b">Dt. Schallplatten</subfield>
    <subfield code="c">1981</subfield>
  </datafield>
  <datafield tag="300" ind1=" " ind2=" ">
    <subfield code="a">2 Schallpl. : 33 UpM, stereo ; 30 cm</subfield>
  </datafield>
  <datafield tag="500" ind1=" " ind2=" ">
    <subfield code="a">Enth.: Kantaten BWV 4, BWV 134, BWV 172, BWV 68</subfield>
    <subfield code="9">F:517</subfield>
  </datafield>
  <datafield tag="511" ind1="0" ind2=" ">
    <subfield code="a">Interpr.: Arleen Aug&#xE9;r [Sopran], Ortrun Wenkel [Alt], Peter Schreier [Tenor], Theo Adam [Bass], Thomanerchor Leipzig, Neues Bachisches Collegium musicum Leipzig, Hans-Joachim Rotzsch [Dir.]</subfield>
  </datafield>
  <datafield tag="518" ind1=" " ind2=" ">
    <subfield code="a">Aufn.: Leipzig 1981</subfield>
  </datafield>
  <datafield tag="700" ind1="1" ind2=" ">
    <subfield code="a">Aug&#xE9;r, Arleen</subfield>
    <subfield code="d">1939-1993</subfield>
    <subfield code="0">(DE-588)129389641</subfield>
    <subfield code="4">sng</subfield>
    <subfield code="4">prf</subfield>
    <subfield code="e">Sopran</subfield>
    <subfield code="0">(uri) https://portal.dnb.de/opac.htm?method=simpleSearch&amp;cqlMode=true&amp;query=idn=129389641</subfield>
    <subfield code="0">(uri) http://viaf.org/viaf/sourceID/DNB|129389641</subfield>
  </datafield>
  <datafield tag="700" ind1="1" ind2=" ">
    <subfield code="a">Wenkel, Ortrun</subfield>
    <subfield code="d">1942-</subfield>
    <subfield code="0">(DE-588)128992204</subfield>
    <subfield code="4">sng</subfield>
    <subfield code="4">prf</subfield>
    <subfield code="e">Alt</subfield>
    <subfield code="0">(uri) https://portal.dnb.de/opac.htm?method=simpleSearch&amp;cqlMode=true&amp;query=idn=128992204</subfield>
    <subfield code="0">(uri) http://viaf.org/viaf/sourceID/DNB|128992204</subfield>
  </datafield>
  <datafield tag="700" ind1="1" ind2=" ">
    <subfield code="a">Schreier, Peter</subfield>
    <subfield code="d">1935-2019</subfield>
    <subfield code="0">(DE-588)118610724</subfield>
    <subfield code="4">sng</subfield>
    <subfield code="4">prf</subfield>
    <subfield code="e">Tenor</subfield>
    <subfield code="0">(uri) https://portal.dnb.de/opac.htm?method=simpleSearch&amp;cqlMode=true&amp;query=idn=118610724</subfield>
    <subfield code="0">(uri) http://viaf.org/viaf/sourceID/DNB|118610724</subfield>
  </datafield>
  <datafield tag="700" ind1="1" ind2=" ">
    <subfield code="a">Adam, Theo</subfield>
    <subfield code="d">1926-2019</subfield>
    <subfield code="0">(DE-588)118500546</subfield>
    <subfield code="4">oth</subfield>
    <subfield code="4">prf</subfield>
    <subfield code="e">Bass</subfield>
    <subfield code="0">(uri) https://portal.dnb.de/opac.htm?method=simpleSearch&amp;cqlMode=true&amp;query=idn=118500546</subfield>
    <subfield code="0">(uri) http://viaf.org/viaf/sourceID/DNB|118500546</subfield>
  </datafield>
  <datafield tag="700" ind1="1" ind2=" ">
    <subfield code="a">Rotzsch, Hans-Joachim</subfield>
    <subfield code="d">1929-2013</subfield>
    <subfield code="0">(DE-588)118867539</subfield>
    <subfield code="4">cnd</subfield>
    <subfield code="4">prf</subfield>
    <subfield code="0">(uri) https://portal.dnb.de/opac.htm?method=simpleSearch&amp;cqlMode=true&amp;query=idn=118867539</subfield>
    <subfield code="0">(uri) http://viaf.org/viaf/sourceID/DNB|118867539</subfield>
  </datafield>
  <datafield tag="710" ind1="2" ind2=" ">
    <subfield code="a">Thomanerchor Leipzig</subfield>
    <subfield code="0">(DE-588)1212749-8</subfield>
    <subfield code="4">prf</subfield>
    <subfield code="0">(uri) https://portal.dnb.de/opac.htm?method=simpleSearch&amp;cqlMode=true&amp;query=idn=004479815</subfield>
    <subfield code="0">(uri) http://viaf.org/viaf/sourceID/DNB|004479815</subfield>
  </datafield>
  <datafield tag="710" ind1="2" ind2=" ">
    <subfield code="a">Neues Bachisches Collegium Musicum</subfield>
    <subfield code="g">Leipzig</subfield>
    <subfield code="0">(DE-588)806366-7</subfield>
    <subfield code="4">prf</subfield>
    <subfield code="0">(uri) https://portal.dnb.de/opac.htm?method=simpleSearch&amp;cqlMode=true&amp;query=idn=008063664</subfield>
    <subfield code="0">(uri) http://viaf.org/viaf/sourceID/DNB|008063664</subfield>
  </datafield>
  <datafield tag="964" ind1="0" ind2="s">
    <subfield code="F">030</subfield>
    <subfield code="A">a|1uc||||||14</subfield>
  </datafield>
  <datafield tag="964" ind1="0" ind2="s">
    <subfield code="F">050</subfield>
    <subfield code="A">|||||aj|||||||</subfield>
  </datafield>
  <datafield tag="964" ind1="0" ind2="s">
    <subfield code="F">051</subfield>
    <subfield code="A">mm||||||</subfield>
  </datafield>
  <datafield tag="MBD" ind1=" " ind2=" ">
    <subfield code="M">49HBZ_NETWORK</subfield>
    <subfield code="i">990139686910206441</subfield>
    <subfield code="n">HBZ Network</subfield>
  </datafield>
  <datafield tag="MBD" ind1=" " ind2=" ">
    <subfield code="M">49HBZ_FUK</subfield>
    <subfield code="i">990001365280306459</subfield>
    <subfield code="n">Folkwang Universit&#xE4;t der K&#xFC;nste Essen</subfield>
  </datafield>
  <datafield tag="500" ind1=" " ind2=" ">
    <subfield code="a">Enth.: Kantaten BWV 4, BWV 134, BWV 172, BWV 68</subfield>
    <subfield code="9">F:517</subfield>
    <subfield code="M">49HBZ_FUK</subfield>
  </datafield>
  <datafield tag="MNG" ind1=" " ind2=" ">
    <subfield code="c">System</subfield>
    <subfield code="f">ILS</subfield>
    <subfield code="i">marc21</subfield>
    <subfield code="k">01</subfield>
    <subfield code="e">false</subfield>
    <subfield code="d">2022-06-03 04:17:34 Europe/Berlin</subfield>
    <subfield code="g">013968691-HBZ01</subfield>
    <subfield code="j">60</subfield>
    <subfield code="a">import</subfield>
    <subfield code="b">2021-04-05 16:51:23 Europe/Berlin</subfield>
  </datafield>
  <datafield tag="H52" ind1="8" ind2="1">
    <subfield code="b">Z9036</subfield>
    <subfield code="c">MGAB</subfield>
    <subfield code="h">AR ba 71</subfield>
    <subfield code="8">2210267010006459</subfield>
  </datafield>
  <datafield tag="HOL" ind1=" " ind2=" ">
    <subfield code="d">2022-08-26 11:58:21</subfield>
    <subfield code="8">2210267010006459</subfield>
    <subfield code="b">2022-06-19 11:10:06</subfield>
    <subfield code="M">49HBZ_FUK</subfield>
    <subfield code="g">false</subfield>
    <subfield code="a">import</subfield>
    <subfield code="c">System</subfield>
  </datafield>
  <datafield tag="ITM" ind1=" " ind2=" ">
    <subfield code="H">2210267010006459</subfield>
    <subfield code="x">MGAB</subfield>
    <subfield code="f">RECORD</subfield>
    <subfield code="v">MGAB</subfield>
    <subfield code="p">08</subfield>
    <subfield code="X">System</subfield>
    <subfield code="U">2009-02-05 10:59:00</subfield>
    <subfield code="Y">2022-06-19 11:10:55</subfield>
    <subfield code="h">false</subfield>
    <subfield code="n">AR ba 71</subfield>
    <subfield code="M">49HBZ_FUK</subfield>
    <subfield code="s">1</subfield>
    <subfield code="d">8</subfield>
    <subfield code="V">import</subfield>
    <subfield code="b">TEMPHBZ60030305140-000010</subfield>
    <subfield code="a">2310267000006459</subfield>
    <subfield code="c">AR ba 71</subfield>
    <subfield code="W">2009-02-05 11:59:00</subfield>
    <subfield code="u">Z9036</subfield>
    <subfield code="w">Z9036</subfield>
  </datafield>
</record>