
<record>
  <leader>01206nam#a2200397#ca4500</leader>
  <controlfield tag="005">20210409022313.0</controlfield>
  <controlfield tag="007">tu</controlfield>
  <controlfield tag="008">090317m20039999gw############|||#|#ger#c</controlfield>
  <controlfield tag="003">DE-605</controlfield>
  <controlfield tag="001">990173811970206441</controlfield>
  <datafield tag="016" ind1="7" ind2=" ">
    <subfield code="a">612359731</subfield>
    <subfield code="2">OCoLC</subfield>
  </datafield>
  <datafield tag="035" ind1=" " ind2=" ">
    <subfield code="a">(DE-605)HT015865114</subfield>
  </datafield>
  <datafield tag="040" ind1=" " ind2=" ">
    <subfield code="a">929</subfield>
    <subfield code="b">ger</subfield>
    <subfield code="d">468</subfield>
    <subfield code="e">rakwb</subfield>
  </datafield>
  <datafield tag="041" ind1=" " ind2=" ">
    <subfield code="a">ger</subfield>
  </datafield>
  <datafield tag="044" ind1=" " ind2=" ">
    <subfield code="c">XA-DE</subfield>
  </datafield>
  <datafield tag="084" ind1=" " ind2=" ">
    <subfield code="a">120</subfield>
    <subfield code="2">rpb</subfield>
  </datafield>
  <datafield tag="084" ind1=" " ind2=" ">
    <subfield code="a">330</subfield>
    <subfield code="2">rpb</subfield>
  </datafield>
  <datafield tag="084" ind1=" " ind2=" ">
    <subfield code="a">107</subfield>
    <subfield code="2">rpb</subfield>
  </datafield>
  <datafield tag="084" ind1=" " ind2=" ">
    <subfield code="a">139</subfield>
    <subfield code="2">rpb</subfield>
  </datafield>
  <datafield tag="090" ind1=" " ind2=" ">
    <subfield code="f">b</subfield>
    <subfield code="g">d</subfield>
  </datafield>
  <datafield tag="245" ind1="0" ind2="0">
    <subfield code="a">Von der Teilung zur Einheit</subfield>
    <subfield code="b">die Welt nach 1945</subfield>
  </datafield>
  <datafield tag="246" ind1="1" ind2="0">
    <subfield code="a">Schulbuch Buchner</subfield>
  </datafield>
  <datafield tag="264" ind1=" " ind2="1">
    <subfield code="a">Bamberg</subfield>
    <subfield code="b">Buchner</subfield>
    <subfield code="c">2003-</subfield>
  </datafield>
  <datafield tag="385" ind1=" " ind2=" ">
    <subfield code="a">Sch&#xFC;ler</subfield>
    <subfield code="0">(DE-588)4053369-4</subfield>
  </datafield>
  <datafield tag="490" ind1="1" ind2=" ">
    <subfield code="a">Buchners Kollege Themen Geschichte</subfield>
    <subfield code="v">&lt;VonTei&gt;</subfield>
  </datafield>
  <datafield tag="515" ind1=" " ind2=" ">
    <subfield code="a">Erschienen: Sch&#xFC;ler- und Lehrerbd.</subfield>
  </datafield>
  <datafield tag="655" ind1=" " ind2="7">
    <subfield code="a">Schulbuch</subfield>
    <subfield code="0">(DE-588)4053458-3</subfield>
    <subfield code="2">gnd-content</subfield>
  </datafield>
  <datafield tag="689" ind1="0" ind2="0">
    <subfield code="a">Geschichte 1945-2003</subfield>
    <subfield code="A">z</subfield>
  </datafield>
  <datafield tag="689" ind1="0" ind2="1">
    <subfield code="a">Geschichtsunterricht</subfield>
    <subfield code="D">s</subfield>
    <subfield code="0">(DE-588)4020533-2</subfield>
    <subfield code="0">(uri) https://portal.dnb.de/opac.htm?method=simpleSearch&amp;cqlMode=true&amp;query=idn=040205339</subfield>
    <subfield code="0">(uri) http://viaf.org/viaf/sourceID/DNB|040205339</subfield>
  </datafield>
  <datafield tag="700" ind1="1" ind2=" ">
    <subfield code="a">Weber, J&#xFC;rgen</subfield>
    <subfield code="4">oth</subfield>
  </datafield>
  <datafield tag="830" ind1=" " ind2="0">
    <subfield code="a">Buchners Kollege Themen Geschichte</subfield>
    <subfield code="w">(DE-605)HT013370531</subfield>
    <subfield code="v">Vontei</subfield>
    <subfield code="9">O:1</subfield>
  </datafield>
  <datafield tag="964" ind1="0" ind2="s">
    <subfield code="F">030</subfield>
    <subfield code="A">a|1uc||||||37</subfield>
  </datafield>
  <datafield tag="964" ind1="0" ind2="s">
    <subfield code="F">050</subfield>
    <subfield code="A">a|||||||||||||</subfield>
  </datafield>
  <datafield tag="964" ind1="0" ind2="s">
    <subfield code="F">051</subfield>
    <subfield code="A">tx||||||</subfield>
  </datafield>
  <datafield tag="035" ind1=" " ind2=" ">
    <subfield code="a">(OCoLC)612359731</subfield>
    <subfield code="0">(uri) http://www.worldcat.org/oclc/612359731</subfield>
  </datafield>
  <datafield tag="035" ind1=" " ind2=" ">
    <subfield code="a">(DE-599)HBZHT015865114</subfield>
  </datafield>
  <datafield tag="MBD" ind1=" " ind2=" ">
    <subfield code="M">49HBZ_NETWORK</subfield>
    <subfield code="i">990173811970206441</subfield>
    <subfield code="n">HBZ Network</subfield>
  </datafield>
  <datafield tag="MBD" ind1=" " ind2=" ">
    <subfield code="M">49HBZ_RTU</subfield>
    <subfield code="i">990006166350107476</subfield>
    <subfield code="n">Rheinisch Technische Universit&#xE4;t</subfield>
  </datafield>
  <datafield tag="830" ind1=" " ind2="0">
    <subfield code="a">Buchners Kollege Themen Geschichte</subfield>
    <subfield code="w">(DE-605)HT013370531</subfield>
    <subfield code="v">Vontei</subfield>
    <subfield code="9">O:1</subfield>
    <subfield code="M">49HBZ_RTU</subfield>
  </datafield>
  <datafield tag="983" ind1=" " ind2=" ">
    <subfield code="a">pol 94</subfield>
    <subfield code="d">Sch&#xFC;lerb&#xFC;cher: Sekundarstufe I und II</subfield>
    <subfield code="9">LOCAL</subfield>
    <subfield code="M">49HBZ_RTU</subfield>
  </datafield>
  <datafield tag="983" ind1=" " ind2=" ">
    <subfield code="a">ges 92</subfield>
    <subfield code="d">Schulb&#xFC;cher</subfield>
    <subfield code="9">LOCAL</subfield>
    <subfield code="M">49HBZ_RTU</subfield>
  </datafield>
  <datafield tag="991" ind1=" " ind2=" ">
    <subfield code="a">sch</subfield>
    <subfield code="9">LOCAL</subfield>
    <subfield code="M">49HBZ_RTU</subfield>
  </datafield>
  <datafield tag="MBD" ind1=" " ind2=" ">
    <subfield code="M">49HBZ_ULM</subfield>
    <subfield code="i">991037863219706449</subfield>
    <subfield code="n">Universit&#xE4;t M&#xFC;nster</subfield>
  </datafield>
  <datafield tag="830" ind1=" " ind2="0">
    <subfield code="a">Buchners Kollege Themen Geschichte</subfield>
    <subfield code="w">(DE-605)HT013370531</subfield>
    <subfield code="v">Vontei</subfield>
    <subfield code="9">O:1</subfield>
    <subfield code="M">49HBZ_ULM</subfield>
  </datafield>
  <datafield tag="980" ind1="1" ind2="2">
    <subfield code="e">HBZ</subfield>
    <subfield code="9">LOCAL</subfield>
    <subfield code="M">49HBZ_ULM</subfield>
  </datafield>
  <datafield tag="981" ind1=" " ind2=" ">
    <subfield code="a">(DE-6)4340267</subfield>
    <subfield code="9">LOCAL</subfield>
    <subfield code="M">49HBZ_ULM</subfield>
  </datafield>
  <datafield tag="991" ind1=" " ind2=" ">
    <subfield code="a">6/290: Buch - 153/4</subfield>
    <subfield code="9">LOCAL</subfield>
    <subfield code="M">49HBZ_ULM</subfield>
  </datafield>
  <datafield tag="MNG" ind1=" " ind2=" ">
    <subfield code="c">System</subfield>
    <subfield code="f">ILS</subfield>
    <subfield code="i">marc21</subfield>
    <subfield code="k">01</subfield>
    <subfield code="e">false</subfield>
    <subfield code="d">2022-09-01 04:24:56 Europe/Berlin</subfield>
    <subfield code="g">017381197-HBZ01</subfield>
    <subfield code="j">60</subfield>
    <subfield code="a">import</subfield>
    <subfield code="b">2021-04-06 03:58:45 Europe/Berlin</subfield>
  </datafield>
</record>