
<record>
  <leader>01154nam#a2200325#cc4500</leader>
  <controlfield tag="005">20210409041826.0</controlfield>
  <controlfield tag="007">tu</controlfield>
  <controlfield tag="008">100712|2010####gw############|||#|#ger#c</controlfield>
  <controlfield tag="003">DE-605</controlfield>
  <controlfield tag="001">990181275760206441</controlfield>
  <datafield tag="016" ind1="7" ind2=" ">
    <subfield code="a">1073456705</subfield>
    <subfield code="2">OCoLC</subfield>
  </datafield>
  <datafield tag="020" ind1=" " ind2=" ">
    <subfield code="a">9783931645007</subfield>
    <subfield code="9">978-3-931645-00-7</subfield>
    <subfield code="0">(uri) http://www.isbnsearch.org/isbn/9783931645007</subfield>
  </datafield>
  <datafield tag="020" ind1=" " ind2=" ">
    <subfield code="a">3931645002</subfield>
    <subfield code="c">kart. : EUR 14.90</subfield>
    <subfield code="9">3-931645-00-2</subfield>
    <subfield code="0">(uri) http://www.isbnsearch.org/isbn/3931645002</subfield>
  </datafield>
  <datafield tag="035" ind1=" " ind2=" ">
    <subfield code="a">(DE-605)HT016433929</subfield>
  </datafield>
  <datafield tag="040" ind1=" " ind2=" ">
    <subfield code="a">290</subfield>
    <subfield code="b">ger</subfield>
    <subfield code="e">rakwb</subfield>
  </datafield>
  <datafield tag="041" ind1=" " ind2=" ">
    <subfield code="a">ger</subfield>
  </datafield>
  <datafield tag="044" ind1=" " ind2=" ">
    <subfield code="c">XA-DE</subfield>
  </datafield>
  <datafield tag="084" ind1=" " ind2=" ">
    <subfield code="a">SK 220</subfield>
    <subfield code="2">rvk</subfield>
  </datafield>
  <datafield tag="084" ind1=" " ind2=" ">
    <subfield code="a">SK 400</subfield>
    <subfield code="2">rvk</subfield>
  </datafield>
  <datafield tag="084" ind1=" " ind2=" ">
    <subfield code="a">SK 110</subfield>
    <subfield code="2">rvk</subfield>
  </datafield>
  <datafield tag="100" ind1="1" ind2=" ">
    <subfield code="a">Furlan, Peter</subfield>
    <subfield code="d">1953-</subfield>
    <subfield code="0">(DE-588)1049517296</subfield>
    <subfield code="4">aut</subfield>
    <subfield code="9">O:H</subfield>
    <subfield code="0">(uri) https://portal.dnb.de/opac.htm?method=simpleSearch&amp;cqlMode=true&amp;query=idn=1049517296</subfield>
    <subfield code="0">(uri) http://viaf.org/viaf/sourceID/DNB|1049517296</subfield>
  </datafield>
  <datafield tag="245" ind1="1" ind2="0">
    <subfield code="a">&lt;&lt;Das&gt;&gt; gelbe Rechenbuch</subfield>
    <subfield code="b">f&#xFC;r Ingenieure, Naturwissenschaftler und Mathematiker ; Rechenverfahren der h&#xF6;heren Mathematik in Einzelschritten erkl&#xE4;rt ; mit vielen ausf&#xFC;hrlich gerechneten Beispielen</subfield>
    <subfield code="n">1</subfield>
    <subfield code="p">Lineare Algebra, Differentialrechnung</subfield>
    <subfield code="c">Peter Furlan</subfield>
  </datafield>
  <datafield tag="250" ind1=" " ind2=" ">
    <subfield code="a">[Nachdr.]</subfield>
  </datafield>
  <datafield tag="264" ind1=" " ind2="1">
    <subfield code="a">Dortmund</subfield>
    <subfield code="b">Furlan</subfield>
    <subfield code="c">[20]10</subfield>
  </datafield>
  <datafield tag="300" ind1=" " ind2=" ">
    <subfield code="a">4, 242 S. : graph. Darst.</subfield>
  </datafield>
  <datafield tag="773" ind1="0" ind2="8">
    <subfield code="w">(DE-605)HT006855611</subfield>
    <subfield code="q">1</subfield>
  </datafield>
  <datafield tag="964" ind1="0" ind2="s">
    <subfield code="F">030</subfield>
    <subfield code="A">a|1uc||||||||</subfield>
  </datafield>
  <datafield tag="964" ind1="0" ind2="s">
    <subfield code="F">050</subfield>
    <subfield code="A">a|||||||||||||</subfield>
  </datafield>
  <datafield tag="035" ind1=" " ind2=" ">
    <subfield code="a">(OCoLC)1073456705</subfield>
    <subfield code="0">(uri) http://www.worldcat.org/oclc/1073456705</subfield>
  </datafield>
  <datafield tag="035" ind1=" " ind2=" ">
    <subfield code="a">(DE-599)HBZHT016433929</subfield>
  </datafield>
  <datafield tag="MBD" ind1=" " ind2=" ">
    <subfield code="M">49HBZ_NETWORK</subfield>
    <subfield code="i">990181275760206441</subfield>
    <subfield code="n">HBZ Network</subfield>
  </datafield>
  <datafield tag="MBD" ind1=" " ind2=" ">
    <subfield code="M">49HBZ_HBO</subfield>
    <subfield code="i">991000247439706454</subfield>
    <subfield code="n">Hochschule Bochum</subfield>
  </datafield>
  <datafield tag="020" ind1=" " ind2=" ">
    <subfield code="a">9783931645007</subfield>
    <subfield code="9">978-3-931645-00-7</subfield>
    <subfield code="M">49HBZ_HBO</subfield>
  </datafield>
  <datafield tag="020" ind1=" " ind2=" ">
    <subfield code="a">3931645002</subfield>
    <subfield code="c">kart. : EUR 14.90</subfield>
    <subfield code="9">3-931645-00-2</subfield>
    <subfield code="M">49HBZ_HBO</subfield>
  </datafield>
  <datafield tag="100" ind1="1" ind2=" ">
    <subfield code="a">Furlan, Peter</subfield>
    <subfield code="d">1953-</subfield>
    <subfield code="0">(DE-588)1049517296</subfield>
    <subfield code="4">aut</subfield>
    <subfield code="9">O:H</subfield>
    <subfield code="M">49HBZ_HBO</subfield>
  </datafield>
  <datafield tag="981" ind1=" " ind2=" ">
    <subfield code="a">113263</subfield>
    <subfield code="9">LOCAL</subfield>
    <subfield code="M">49HBZ_HBO</subfield>
  </datafield>
  <datafield tag="987" ind1="1" ind2=" ">
    <subfield code="a">M</subfield>
    <subfield code="9">LOCAL</subfield>
    <subfield code="M">49HBZ_HBO</subfield>
  </datafield>
  <datafield tag="997" ind1=" " ind2=" ">
    <subfield code="a">20120508</subfield>
    <subfield code="9">LOCAL</subfield>
    <subfield code="M">49HBZ_HBO</subfield>
  </datafield>
  <datafield tag="MBD" ind1=" " ind2=" ">
    <subfield code="M">49HBZ_UBD</subfield>
    <subfield code="i">991013277549706445</subfield>
    <subfield code="n">Technische Universit&#xE4;t Dortmund</subfield>
  </datafield>
  <datafield tag="020" ind1=" " ind2=" ">
    <subfield code="a">9783931645007</subfield>
    <subfield code="9">978-3-931645-00-7</subfield>
    <subfield code="M">49HBZ_UBD</subfield>
  </datafield>
  <datafield tag="020" ind1=" " ind2=" ">
    <subfield code="a">3931645002</subfield>
    <subfield code="c">kart. : EUR 14.90</subfield>
    <subfield code="9">3-931645-00-2</subfield>
    <subfield code="M">49HBZ_UBD</subfield>
  </datafield>
  <datafield tag="100" ind1="1" ind2=" ">
    <subfield code="a">Furlan, Peter</subfield>
    <subfield code="d">1953-</subfield>
    <subfield code="0">(DE-588)1049517296</subfield>
    <subfield code="4">aut</subfield>
    <subfield code="9">O:H</subfield>
    <subfield code="M">49HBZ_UBD</subfield>
  </datafield>
  <datafield tag="980" ind1="1" ind2=" ">
    <subfield code="e">HBZ</subfield>
    <subfield code="9">LOCAL</subfield>
    <subfield code="M">49HBZ_UBD</subfield>
  </datafield>
  <datafield tag="981" ind1=" " ind2=" ">
    <subfield code="a">(DE-290)1292817</subfield>
    <subfield code="9">LOCAL</subfield>
    <subfield code="M">49HBZ_UBD</subfield>
  </datafield>
  <datafield tag="997" ind1=" " ind2=" ">
    <subfield code="a">20100712</subfield>
    <subfield code="9">LOCAL</subfield>
    <subfield code="M">49HBZ_UBD</subfield>
  </datafield>
  <datafield tag="MNG" ind1=" " ind2=" ">
    <subfield code="c">System</subfield>
    <subfield code="f">ILS</subfield>
    <subfield code="i">marc21</subfield>
    <subfield code="k">01</subfield>
    <subfield code="e">false</subfield>
    <subfield code="d">2021-07-09 04:09:06 Europe/Berlin</subfield>
    <subfield code="g">018127576-HBZ01</subfield>
    <subfield code="j">60</subfield>
    <subfield code="a">import</subfield>
    <subfield code="b">2021-04-05 16:47:29 Europe/Berlin</subfield>
  </datafield>
  <datafield tag="H52" ind1="8" ind2=" ">
    <subfield code="b">BOT</subfield>
    <subfield code="c">BOT_FREI</subfield>
    <subfield code="h">AE 130-1</subfield>
    <subfield code="8">2213839850006454</subfield>
  </datafield>
  <datafield tag="HOL" ind1=" " ind2=" ">
    <subfield code="b">2022-07-24 08:43:18</subfield>
    <subfield code="8">2213839850006454</subfield>
    <subfield code="M">49HBZ_HBO</subfield>
    <subfield code="g">false</subfield>
    <subfield code="a">import</subfield>
  </datafield>
  <datafield tag="H52" ind1="8" ind2=" ">
    <subfield code="b">CVH</subfield>
    <subfield code="c">CVH_FREI</subfield>
    <subfield code="h">AE 130-1</subfield>
    <subfield code="8">2213839890006454</subfield>
  </datafield>
  <datafield tag="HOL" ind1=" " ind2=" ">
    <subfield code="b">2022-07-24 08:43:18</subfield>
    <subfield code="8">2213839890006454</subfield>
    <subfield code="M">49HBZ_HBO</subfield>
    <subfield code="g">false</subfield>
    <subfield code="a">import</subfield>
  </datafield>
  <datafield tag="ITM" ind1=" " ind2=" ">
    <subfield code="H">2213839890006454</subfield>
    <subfield code="x">CVH_FREI</subfield>
    <subfield code="f">BOOK</subfield>
    <subfield code="v">CVH_FREI</subfield>
    <subfield code="p">NA</subfield>
    <subfield code="X">System</subfield>
    <subfield code="U">2022-07-17 10:59:00</subfield>
    <subfield code="Y">2022-07-24 08:44:08</subfield>
    <subfield code="h">false</subfield>
    <subfield code="n">AE 130-1+1</subfield>
    <subfield code="P">Buch</subfield>
    <subfield code="Q">E</subfield>
    <subfield code="M">49HBZ_HBO</subfield>
    <subfield code="s">1</subfield>
    <subfield code="d">8</subfield>
    <subfield code="V">import</subfield>
    <subfield code="b">00782328</subfield>
    <subfield code="O">Lieferantencode: JA | Kostenstelle: 8/MON | Erwerbungsdatum: 21.04.2011</subfield>
    <subfield code="N">Letzte R&#xFC;ckgabe: 017200280 am 27.05.2019  11:22:00</subfield>
    <subfield code="a">2313839880006454</subfield>
    <subfield code="c">AE 130-1</subfield>
    <subfield code="B">E11/155</subfield>
    <subfield code="W">2022-07-24 08:43:18</subfield>
    <subfield code="u">CVH</subfield>
    <subfield code="w">CVH</subfield>
  </datafield>
  <datafield tag="ITM" ind1=" " ind2=" ">
    <subfield code="H">2213839890006454</subfield>
    <subfield code="x">CVH_FREI</subfield>
    <subfield code="f">BOOK</subfield>
    <subfield code="v">CVH_FREI</subfield>
    <subfield code="p">PR</subfield>
    <subfield code="X">System</subfield>
    <subfield code="U">2022-07-17 10:59:00</subfield>
    <subfield code="Y">2022-07-24 08:44:08</subfield>
    <subfield code="h">false</subfield>
    <subfield code="n">AE 130-1 pr</subfield>
    <subfield code="P">Buch</subfield>
    <subfield code="Q">E</subfield>
    <subfield code="M">49HBZ_HBO</subfield>
    <subfield code="s">1</subfield>
    <subfield code="d">8</subfield>
    <subfield code="V">import</subfield>
    <subfield code="b">00782331</subfield>
    <subfield code="O">Lieferantencode: JA | Kostenstelle: 8/MON | Erwerbungsdatum: 21.04.2011</subfield>
    <subfield code="a">2313839870006454</subfield>
    <subfield code="c">AE 130-1</subfield>
    <subfield code="B">E11/156</subfield>
    <subfield code="W">2022-07-24 08:43:18</subfield>
    <subfield code="u">CVH</subfield>
    <subfield code="w">CVH</subfield>
  </datafield>
  <datafield tag="ITM" ind1=" " ind2=" ">
    <subfield code="H">2213839890006454</subfield>
    <subfield code="x">CVH_FREI</subfield>
    <subfield code="f">BOOK</subfield>
    <subfield code="v">CVH_FREI</subfield>
    <subfield code="p">NA</subfield>
    <subfield code="X">System</subfield>
    <subfield code="U">2022-07-17 10:59:00</subfield>
    <subfield code="Y">2022-07-24 08:44:08</subfield>
    <subfield code="h">false</subfield>
    <subfield code="n">AE 130-1+2</subfield>
    <subfield code="P">Buch</subfield>
    <subfield code="Q">E</subfield>
    <subfield code="M">49HBZ_HBO</subfield>
    <subfield code="s">1</subfield>
    <subfield code="d">8</subfield>
    <subfield code="V">import</subfield>
    <subfield code="b">00782344</subfield>
    <subfield code="O">Lieferantencode: JA | Kostenstelle: 8/MON | Erwerbungsdatum: 21.04.2011</subfield>
    <subfield code="N">Letzte R&#xFC;ckgabe: 017201270 am 19.03.2018  09:29:00</subfield>
    <subfield code="a">2313839860006454</subfield>
    <subfield code="c">AE 130-1</subfield>
    <subfield code="B">E11/154</subfield>
    <subfield code="W">2022-07-24 08:43:18</subfield>
    <subfield code="u">CVH</subfield>
    <subfield code="w">CVH</subfield>
  </datafield>
  <datafield tag="ITM" ind1=" " ind2=" ">
    <subfield code="H">2213839850006454</subfield>
    <subfield code="x">BOT_FREI</subfield>
    <subfield code="f">BOOK</subfield>
    <subfield code="v">BOT_FREI</subfield>
    <subfield code="p">NA</subfield>
    <subfield code="X">System</subfield>
    <subfield code="U">2022-07-17 10:59:00</subfield>
    <subfield code="Y">2022-07-24 08:44:08</subfield>
    <subfield code="h">false</subfield>
    <subfield code="n">AE 130-1+3</subfield>
    <subfield code="P">Buch</subfield>
    <subfield code="Q">M</subfield>
    <subfield code="M">49HBZ_HBO</subfield>
    <subfield code="s">1</subfield>
    <subfield code="d">8</subfield>
    <subfield code="V">import</subfield>
    <subfield code="b">00830005</subfield>
    <subfield code="O">Lieferantencode: 108 | Kostenstelle: 4/ASGR | Erwerbungsdatum: 24.10.2011</subfield>
    <subfield code="N">Letzte R&#xFC;ckgabe: 017201291 am 22.10.2018  10:17:00</subfield>
    <subfield code="a">2313839840006454</subfield>
    <subfield code="c">AE 130-1</subfield>
    <subfield code="B">M11/226</subfield>
    <subfield code="W">2022-07-24 08:43:18</subfield>
    <subfield code="u">BOT</subfield>
    <subfield code="w">BOT</subfield>
  </datafield>
  <datafield tag="ITM" ind1=" " ind2=" ">
    <subfield code="H">2213839850006454</subfield>
    <subfield code="x">BOT_FREI</subfield>
    <subfield code="f">BOOK</subfield>
    <subfield code="v">BOT_FREI</subfield>
    <subfield code="p">NA</subfield>
    <subfield code="X">System</subfield>
    <subfield code="U">2022-07-17 10:59:00</subfield>
    <subfield code="Y">2022-07-24 08:44:08</subfield>
    <subfield code="h">false</subfield>
    <subfield code="n">AE 130-1+4</subfield>
    <subfield code="P">Buch</subfield>
    <subfield code="Q">M</subfield>
    <subfield code="M">49HBZ_HBO</subfield>
    <subfield code="s">1</subfield>
    <subfield code="d">8</subfield>
    <subfield code="V">import</subfield>
    <subfield code="b">00830018</subfield>
    <subfield code="O">Lieferantencode: 108 | Kostenstelle: 4/ASGR | Erwerbungsdatum: 24.10.2011</subfield>
    <subfield code="N">Letzte R&#xFC;ckgabe: 017200612 am 19.06.2018  09:24:00</subfield>
    <subfield code="a">2313839830006454</subfield>
    <subfield code="c">AE 130-1</subfield>
    <subfield code="B">M11/227</subfield>
    <subfield code="W">2022-07-24 08:43:18</subfield>
    <subfield code="u">BOT</subfield>
    <subfield code="w">BOT</subfield>
  </datafield>
  <datafield tag="H52" ind1=" " ind2=" ">
    <subfield code="b">ZB</subfield>
    <subfield code="c">LB</subfield>
    <subfield code="8">22176914310006445</subfield>
  </datafield>
  <datafield tag="HOL" ind1=" " ind2=" ">
    <subfield code="b">2021-04-19 14:44:12</subfield>
    <subfield code="8">22176914310006445</subfield>
    <subfield code="M">49HBZ_UBD</subfield>
    <subfield code="g">false</subfield>
    <subfield code="a">import</subfield>
  </datafield>
  <datafield tag="ITM" ind1=" " ind2=" ">
    <subfield code="H">22176914310006445</subfield>
    <subfield code="x">LB</subfield>
    <subfield code="f">BOOK</subfield>
    <subfield code="v">LB</subfield>
    <subfield code="X">System</subfield>
    <subfield code="U">2021-04-19 10:59:00</subfield>
    <subfield code="Y">2022-02-08 12:41:19</subfield>
    <subfield code="h">false</subfield>
    <subfield code="n">L Ma 96-1/Nachdr 2010</subfield>
    <subfield code="G">1</subfield>
    <subfield code="M">49HBZ_UBD</subfield>
    <subfield code="s">1</subfield>
    <subfield code="d">#</subfield>
    <subfield code="V">import</subfield>
    <subfield code="L">ClassificationNo: 1205 | SISIS-Magazindrucker: 0 | HBZ01: HT016433929</subfield>
    <subfield code="b">20037393</subfield>
    <subfield code="O">SISIS-Ausleihz&#xE4;hler vorletztes Migrationsjahr: 1 | SISIS-Vormerkz&#xE4;hler Migrationsjahr: 0 | SISIS-vorletztes R&#xFC;ckgabedatum: 2019-03-21 | SISIS-Buchdaten-Aufnahmedatum: 2010-07-12</subfield>
    <subfield code="N">Fernleihkonditionen: 0 | Sigel: 290 | Klassifikation: 1205 | Altersbegrenzung: 0 | SISIS-Ausleihz&#xE4;hler Migrationsjahr: 0 | SISIS-Ausleihz&#xE4;hler Vor-Migrationsjahr: 0</subfield>
    <subfield code="a">23176914300006445</subfield>
    <subfield code="B">ZB-38985</subfield>
    <subfield code="W">2021-04-19 14:44:12</subfield>
    <subfield code="u">ZB</subfield>
    <subfield code="w">ZB</subfield>
  </datafield>
  <datafield tag="ITM" ind1=" " ind2=" ">
    <subfield code="H">22176914310006445</subfield>
    <subfield code="x">LB</subfield>
    <subfield code="f">BOOK</subfield>
    <subfield code="v">LB</subfield>
    <subfield code="X">exl_api</subfield>
    <subfield code="U">2021-04-19 10:59:00</subfield>
    <subfield code="Y">2022-10-11 10:11:43</subfield>
    <subfield code="h">false</subfield>
    <subfield code="n">L Ma 96-1/Nachdr 2010+8</subfield>
    <subfield code="G">1</subfield>
    <subfield code="M">49HBZ_UBD</subfield>
    <subfield code="s">0</subfield>
    <subfield code="d">#</subfield>
    <subfield code="V">import</subfield>
    <subfield code="L">ClassificationNo: 1205 | SISIS-Magazindrucker: 0 | HBZ01: HT016433929</subfield>
    <subfield code="b">20076086</subfield>
    <subfield code="O">SISIS-Ausleihz&#xE4;hler vorletztes Migrationsjahr: 4 | SISIS-Vormerkz&#xE4;hler Migrationsjahr: 0 | SISIS-vorletztes R&#xFC;ckgabedatum: 2019-11-12 | SISIS-Buchdaten-Aufnahmedatum: 2011-06-07</subfield>
    <subfield code="N">Fernleihkonditionen: 0 | Sigel: 290 | Klassifikation: 1205 | Altersbegrenzung: 0 | SISIS-Ausleihz&#xE4;hler Migrationsjahr: 0 | SISIS-Ausleihz&#xE4;hler Vor-Migrationsjahr: 0</subfield>
    <subfield code="a">23176914190006445</subfield>
    <subfield code="r">LOAN</subfield>
    <subfield code="B">ZB-51115</subfield>
    <subfield code="W">2021-04-19 14:44:12</subfield>
    <subfield code="u">ZB</subfield>
    <subfield code="w">ZB</subfield>
  </datafield>
  <datafield tag="ITM" ind1=" " ind2=" ">
    <subfield code="H">22176914310006445</subfield>
    <subfield code="x">LB</subfield>
    <subfield code="f">BOOK</subfield>
    <subfield code="v">LB</subfield>
    <subfield code="X">exl_api</subfield>
    <subfield code="U">2021-04-19 10:59:00</subfield>
    <subfield code="Y">2022-10-06 13:34:59</subfield>
    <subfield code="h">false</subfield>
    <subfield code="n">L Ma 96-1/Nachdr 2010+9</subfield>
    <subfield code="G">1</subfield>
    <subfield code="M">49HBZ_UBD</subfield>
    <subfield code="s">1</subfield>
    <subfield code="d">#</subfield>
    <subfield code="V">import</subfield>
    <subfield code="L">ClassificationNo: 1205 | SISIS-Magazindrucker: 0 | HBZ01: HT016433929</subfield>
    <subfield code="b">20086273</subfield>
    <subfield code="O">SISIS-Ausleihz&#xE4;hler vorletztes Migrationsjahr: 1 | SISIS-Vormerkz&#xE4;hler Migrationsjahr: 0 | SISIS-vorletztes R&#xFC;ckgabedatum: 2019-02-14 | SISIS-Buchdaten-Aufnahmedatum: 2012-03-12</subfield>
    <subfield code="N">Fernleihkonditionen: 0 | Sigel: 290 | Klassifikation: 1205 | Altersbegrenzung: 0 | SISIS-Ausleihz&#xE4;hler Migrationsjahr: 0 | SISIS-Ausleihz&#xE4;hler Vor-Migrationsjahr: 0</subfield>
    <subfield code="a">23176914180006445</subfield>
    <subfield code="B">ZB-60245</subfield>
    <subfield code="W">2021-04-19 14:44:12</subfield>
    <subfield code="u">ZB</subfield>
    <subfield code="w">ZB</subfield>
  </datafield>
  <datafield tag="ITM" ind1=" " ind2=" ">
    <subfield code="H">22176914310006445</subfield>
    <subfield code="x">LB</subfield>
    <subfield code="f">BOOK</subfield>
    <subfield code="v">LB</subfield>
    <subfield code="X">System</subfield>
    <subfield code="U">2021-04-19 10:59:00</subfield>
    <subfield code="Y">2021-10-19 09:28:42</subfield>
    <subfield code="h">false</subfield>
    <subfield code="n">L Ma 96-1/Nachdr 2010+7</subfield>
    <subfield code="G">1</subfield>
    <subfield code="M">49HBZ_UBD</subfield>
    <subfield code="s">0</subfield>
    <subfield code="d">#</subfield>
    <subfield code="V">import</subfield>
    <subfield code="L">ClassificationNo: 1205 | SISIS-Magazindrucker: 0 | HBZ01: HT016433929</subfield>
    <subfield code="b">20076085</subfield>
    <subfield code="O">SISIS-Ausleihz&#xE4;hler vorletztes Migrationsjahr: 6 | SISIS-Vormerkz&#xE4;hler Migrationsjahr: 0 | SISIS-vorletztes R&#xFC;ckgabedatum: 2020-12-14 | SISIS-Buchdaten-Aufnahmedatum: 2011-06-07</subfield>
    <subfield code="N">Fernleihkonditionen: 0 | Sigel: 290 | Klassifikation: 1205 | Altersbegrenzung: 0 | SISIS-Ausleihz&#xE4;hler Migrationsjahr: 1 | SISIS-Ausleihz&#xE4;hler Vor-Migrationsjahr: 1</subfield>
    <subfield code="a">23176914220006445</subfield>
    <subfield code="r">LOAN</subfield>
    <subfield code="B">ZB-51114</subfield>
    <subfield code="W">2021-04-19 14:44:12</subfield>
    <subfield code="u">ZB</subfield>
    <subfield code="w">ZB</subfield>
  </datafield>
  <datafield tag="ITM" ind1=" " ind2=" ">
    <subfield code="H">22176914310006445</subfield>
    <subfield code="x">LB</subfield>
    <subfield code="f">BOOK</subfield>
    <subfield code="v">LB</subfield>
    <subfield code="X">System</subfield>
    <subfield code="U">2021-04-19 10:59:00</subfield>
    <subfield code="Y">2021-04-25 13:51:25</subfield>
    <subfield code="h">false</subfield>
    <subfield code="n">L Ma 96-1/Nachdr 2010+5</subfield>
    <subfield code="G">1</subfield>
    <subfield code="M">49HBZ_UBD</subfield>
    <subfield code="s">1</subfield>
    <subfield code="d">#</subfield>
    <subfield code="V">import</subfield>
    <subfield code="L">ClassificationNo: 1205 | SISIS-Magazindrucker: 0 | HBZ01: HT016433929</subfield>
    <subfield code="b">20076083</subfield>
    <subfield code="O">SISIS-Ausleihz&#xE4;hler vorletztes Migrationsjahr: 2 | SISIS-Vormerkz&#xE4;hler Migrationsjahr: 0 | SISIS-vorletztes R&#xFC;ckgabedatum: 2020-02-28 | SISIS-Buchdaten-Aufnahmedatum: 2011-06-07</subfield>
    <subfield code="N">Fernleihkonditionen: 0 | Sigel: 290 | Klassifikation: 1205 | Altersbegrenzung: 0 | SISIS-Ausleihz&#xE4;hler Migrationsjahr: 0 | SISIS-Ausleihz&#xE4;hler Vor-Migrationsjahr: 3</subfield>
    <subfield code="a">23176914250006445</subfield>
    <subfield code="B">ZB-51112</subfield>
    <subfield code="W">2021-04-19 14:44:12</subfield>
    <subfield code="u">ZB</subfield>
    <subfield code="w">ZB</subfield>
  </datafield>
  <datafield tag="ITM" ind1=" " ind2=" ">
    <subfield code="H">22176914310006445</subfield>
    <subfield code="x">LB</subfield>
    <subfield code="f">BOOK</subfield>
    <subfield code="v">LB</subfield>
    <subfield code="X">exl_api</subfield>
    <subfield code="U">2021-04-19 10:59:00</subfield>
    <subfield code="Y">2022-08-24 14:36:31</subfield>
    <subfield code="h">false</subfield>
    <subfield code="n">L Ma 96-1/Nachdr 2010+4</subfield>
    <subfield code="G">1</subfield>
    <subfield code="M">49HBZ_UBD</subfield>
    <subfield code="s">0</subfield>
    <subfield code="d">#</subfield>
    <subfield code="V">import</subfield>
    <subfield code="L">ClassificationNo: 1205 | SISIS-Magazindrucker: 0 | HBZ01: HT016433929</subfield>
    <subfield code="b">20076082</subfield>
    <subfield code="O">SISIS-Ausleihz&#xE4;hler vorletztes Migrationsjahr: 3 | SISIS-Vormerkz&#xE4;hler Migrationsjahr: 0 | SISIS-vorletztes R&#xFC;ckgabedatum: 2019-11-24 | SISIS-Buchdaten-Aufnahmedatum: 2011-06-07</subfield>
    <subfield code="N">Fernleihkonditionen: 0 | Sigel: 290 | Klassifikation: 1205 | Altersbegrenzung: 0 | SISIS-Ausleihz&#xE4;hler Migrationsjahr: 0 | SISIS-Ausleihz&#xE4;hler Vor-Migrationsjahr: 0</subfield>
    <subfield code="a">23176914260006445</subfield>
    <subfield code="r">LOAN</subfield>
    <subfield code="B">ZB-51111</subfield>
    <subfield code="W">2021-04-19 14:44:12</subfield>
    <subfield code="u">ZB</subfield>
    <subfield code="w">ZB</subfield>
  </datafield>
  <datafield tag="ITM" ind1=" " ind2=" ">
    <subfield code="H">22176914310006445</subfield>
    <subfield code="x">LB</subfield>
    <subfield code="f">BOOK</subfield>
    <subfield code="v">LB</subfield>
    <subfield code="X">System</subfield>
    <subfield code="U">2021-04-19 10:59:00</subfield>
    <subfield code="Y">2021-04-19 14:44:42</subfield>
    <subfield code="h">false</subfield>
    <subfield code="n">L Ma 96-1/Nachdr 2010+3</subfield>
    <subfield code="G">1</subfield>
    <subfield code="M">49HBZ_UBD</subfield>
    <subfield code="s">1</subfield>
    <subfield code="d">#</subfield>
    <subfield code="V">import</subfield>
    <subfield code="L">ClassificationNo: 1205 | SISIS-Magazindrucker: 0 | HBZ01: HT016433929</subfield>
    <subfield code="b">20066267</subfield>
    <subfield code="O">SISIS-Ausleihz&#xE4;hler vorletztes Migrationsjahr: 1 | SISIS-Vormerkz&#xE4;hler Migrationsjahr: 0 | SISIS-vorletztes R&#xFC;ckgabedatum: 2019-02-07 | SISIS-Buchdaten-Aufnahmedatum: 2011-04-07</subfield>
    <subfield code="N">Fernleihkonditionen: 0 | Sigel: 290 | Klassifikation: 1205 | Altersbegrenzung: 0 | SISIS-Ausleihz&#xE4;hler Migrationsjahr: 0 | SISIS-Ausleihz&#xE4;hler Vor-Migrationsjahr: 0</subfield>
    <subfield code="a">23176914290006445</subfield>
    <subfield code="B">ZB-49641</subfield>
    <subfield code="W">2021-04-19 14:44:12</subfield>
    <subfield code="u">ZB</subfield>
    <subfield code="w">ZB</subfield>
  </datafield>
  <datafield tag="ITM" ind1=" " ind2=" ">
    <subfield code="H">22176914310006445</subfield>
    <subfield code="x">LB</subfield>
    <subfield code="f">BOOK</subfield>
    <subfield code="v">LB</subfield>
    <subfield code="X">DE1130000031808</subfield>
    <subfield code="U">2021-04-19 10:59:00</subfield>
    <subfield code="Y">2022-05-06 13:46:17</subfield>
    <subfield code="h">false</subfield>
    <subfield code="n">L Ma 96-1/Nachdr 2010+6</subfield>
    <subfield code="G">1</subfield>
    <subfield code="M">49HBZ_UBD</subfield>
    <subfield code="s">0</subfield>
    <subfield code="d">#</subfield>
    <subfield code="V">import</subfield>
    <subfield code="L">ClassificationNo: 1205 | SISIS-Magazindrucker: 0 | HBZ01: HT016433929</subfield>
    <subfield code="b">20076084</subfield>
    <subfield code="O">SISIS-Ausleihz&#xE4;hler vorletztes Migrationsjahr: 1 | SISIS-Vormerkz&#xE4;hler Migrationsjahr: 0 | SISIS-vorletztes R&#xFC;ckgabedatum: 2020-02-19 | SISIS-Buchdaten-Aufnahmedatum: 2011-06-07</subfield>
    <subfield code="N">Fernleihkonditionen: 0 | Sigel: 290 | Klassifikation: 1205 | Altersbegrenzung: 0 | SISIS-Ausleihz&#xE4;hler Migrationsjahr: 0 | SISIS-Ausleihz&#xE4;hler Vor-Migrationsjahr: 3</subfield>
    <subfield code="a">23176914230006445</subfield>
    <subfield code="r">LOST_LOAN_AND_PAID</subfield>
    <subfield code="B">ZB-51113</subfield>
    <subfield code="W">2021-04-19 14:44:12</subfield>
    <subfield code="u">ZB</subfield>
    <subfield code="w">ZB</subfield>
  </datafield>
</record>