
<record>
  <leader>01819nms#a2200481#c#4500</leader>
  <controlfield tag="005">20210409025021.0</controlfield>
  <controlfield tag="007">cr#|||||||||||</controlfield>
  <controlfield tag="008">110210m20022004gw######o##|########ger#c</controlfield>
  <controlfield tag="003">DE-605</controlfield>
  <controlfield tag="001">990184127410206441</controlfield>
  <datafield tag="016" ind1="7" ind2=" ">
    <subfield code="a">1009982311</subfield>
    <subfield code="2">DE-101b</subfield>
  </datafield>
  <datafield tag="016" ind1="7" ind2=" ">
    <subfield code="a">2594002-8</subfield>
    <subfield code="2">DE-600</subfield>
  </datafield>
  <datafield tag="024" ind1="7" ind2=" ">
    <subfield code="a">urn:nbn:de:hbz:061:3-3091</subfield>
    <subfield code="2">urn</subfield>
  </datafield>
  <datafield tag="035" ind1=" " ind2=" ">
    <subfield code="a">(DE-605)HT016709661</subfield>
  </datafield>
  <datafield tag="040" ind1=" " ind2=" ">
    <subfield code="a">0061</subfield>
    <subfield code="b">ger</subfield>
    <subfield code="c">DNB</subfield>
    <subfield code="d">9999</subfield>
    <subfield code="e">rakddb</subfield>
    <subfield code="d">DE-605</subfield>
  </datafield>
  <datafield tag="041" ind1=" " ind2=" ">
    <subfield code="a">ger</subfield>
  </datafield>
  <datafield tag="044" ind1=" " ind2=" ">
    <subfield code="c">XA-DE</subfield>
  </datafield>
  <datafield tag="084" ind1=" " ind2=" ">
    <subfield code="a">300</subfield>
    <subfield code="q">DE-600</subfield>
    <subfield code="2">zdbs</subfield>
  </datafield>
  <datafield tag="084" ind1=" " ind2=" ">
    <subfield code="a">99 ; D&#xFC;sseldorf</subfield>
    <subfield code="2">nwbib</subfield>
  </datafield>
  <datafield tag="084" ind1=" " ind2=" ">
    <subfield code="a">574060</subfield>
    <subfield code="2">nwbib</subfield>
  </datafield>
  <datafield tag="245" ind1="0" ind2="0">
    <subfield code="a">Wohnungsmarktbericht</subfield>
    <subfield code="h">Elektronische Ressource</subfield>
    <subfield code="b">Fortschreibung mit Stand ...</subfield>
    <subfield code="c">Landeshauptstadt D&#xFC;sseldorf, Der Oberb&#xFC;rgermeister, Amt f&#xFC;r Wohnungswesen</subfield>
  </datafield>
  <datafield tag="264" ind1="3" ind2="1">
    <subfield code="a">D&#xFC;sseldorf</subfield>
    <subfield code="b">Amt f&#xFC;r Wohnungswesen</subfield>
    <subfield code="c">2002-2004</subfield>
  </datafield>
  <datafield tag="340" ind1=" " ind2=" ">
    <subfield code="a">Online-Ressource</subfield>
    <subfield code="9">F:652a</subfield>
  </datafield>
  <datafield tag="362" ind1="0" ind2=" ">
    <subfield code="a">2002=2001(2002) - 2004=2003(2004)</subfield>
  </datafield>
  <datafield tag="689" ind1="0" ind2="0">
    <subfield code="a">D&#xFC;sseldorf</subfield>
    <subfield code="D">g</subfield>
    <subfield code="0">(DE-588)4013255-9</subfield>
    <subfield code="0">(uri) https://portal.dnb.de/opac.htm?method=simpleSearch&amp;cqlMode=true&amp;query=idn=040132552</subfield>
    <subfield code="0">(uri) http://viaf.org/viaf/sourceID/DNB|040132552</subfield>
  </datafield>
  <datafield tag="689" ind1="0" ind2="1">
    <subfield code="a">Wohnungsmarkt</subfield>
    <subfield code="D">s</subfield>
    <subfield code="0">(DE-588)4066794-7</subfield>
    <subfield code="0">(uri) https://portal.dnb.de/opac.htm?method=simpleSearch&amp;cqlMode=true&amp;query=idn=040667944</subfield>
    <subfield code="0">(uri) http://viaf.org/viaf/sourceID/DNB|040667944</subfield>
  </datafield>
  <datafield tag="689" ind1="0" ind2="2">
    <subfield code="a">Online-Ressource</subfield>
    <subfield code="A">f</subfield>
  </datafield>
  <datafield tag="689" ind1="0" ind2="3">
    <subfield code="a">Zeitschrift</subfield>
    <subfield code="A">f</subfield>
  </datafield>
  <datafield tag="689" ind1="0" ind2=" ">
    <subfield code="5">DE-61</subfield>
    <subfield code="5">DE-605</subfield>
  </datafield>
  <datafield tag="710" ind1="2" ind2=" ">
    <subfield code="a">D&#xFC;sseldorf</subfield>
    <subfield code="b">Amt f&#xFC;r Wohnungswesen</subfield>
    <subfield code="0">(DE-588)16031104-4</subfield>
    <subfield code="4">oth</subfield>
    <subfield code="0">(uri) https://portal.dnb.de/opac.htm?method=simpleSearch&amp;cqlMode=true&amp;query=idn=998141461</subfield>
    <subfield code="0">(uri) http://viaf.org/viaf/sourceID/DNB|998141461</subfield>
  </datafield>
  <datafield tag="780" ind1="0" ind2="0">
    <subfield code="i">Druckausg. u. Vorg. ---&gt;</subfield>
    <subfield code="t">Wohnungsmarktbericht</subfield>
    <subfield code="w">(DE-605)HT016481985</subfield>
  </datafield>
  <datafield tag="785" ind1="0" ind2="0">
    <subfield code="i">Forts.: ---&gt;</subfield>
    <subfield code="t">Wohnungsmarkt D&#xFC;sseldorf</subfield>
    <subfield code="w">(DE-605)HT016709667</subfield>
  </datafield>
  <datafield tag="856" ind1="4" ind2="0">
    <subfield code="u">http://nbn-resolving.de/urn:nbn:de:hbz:061:3-3091</subfield>
    <subfield code="x">Resolving-System</subfield>
  </datafield>
  <datafield tag="856" ind1="4" ind2="0">
    <subfield code="u">http://www.duesseldorf.de/wohnen/veroeffentlichung/index.shtml</subfield>
    <subfield code="x">Verlag</subfield>
    <subfield code="z">kostenfrei</subfield>
  </datafield>
  <datafield tag="960" ind1="1" ind2=" ">
    <subfield code="z">lzZDB</subfield>
  </datafield>
  <datafield tag="960" ind1="1" ind2=" ">
    <subfield code="n">NWBib-61</subfield>
  </datafield>
  <datafield tag="960" ind1="1" ind2=" ">
    <subfield code="r">epfl-61</subfield>
  </datafield>
  <datafield tag="964" ind1="0" ind2="s">
    <subfield code="F">030</subfield>
    <subfield code="A">a||da||||||37</subfield>
  </datafield>
  <datafield tag="964" ind1="0" ind2="s">
    <subfield code="F">050</subfield>
    <subfield code="A">||||||||g|||||</subfield>
  </datafield>
  <datafield tag="964" ind1="0" ind2="s">
    <subfield code="F">052</subfield>
    <subfield code="A">p||||||t|||||||</subfield>
  </datafield>
  <datafield tag="964" ind1="0" ind2="s">
    <subfield code="F">058</subfield>
    <subfield code="A">cr||||||||||||</subfield>
  </datafield>
  <datafield tag="035" ind1=" " ind2=" ">
    <subfield code="a">(DE-600)2594002-8</subfield>
  </datafield>
  <datafield tag="035" ind1=" " ind2=" ">
    <subfield code="a">(DE-599)ZDB2594002-8</subfield>
  </datafield>
  <datafield tag="MBD" ind1=" " ind2=" ">
    <subfield code="M">49HBZ_NETWORK</subfield>
    <subfield code="i">990184127410206441</subfield>
    <subfield code="n">HBZ Network</subfield>
  </datafield>
  <datafield tag="MNG" ind1=" " ind2=" ">
    <subfield code="c">System</subfield>
    <subfield code="f">HBZ</subfield>
    <subfield code="i">marc21</subfield>
    <subfield code="h">20210409025021.0</subfield>
    <subfield code="k">01</subfield>
    <subfield code="e">false</subfield>
    <subfield code="d">2022-08-14 04:11:03 Europe/Berlin</subfield>
    <subfield code="g">018412741-HBZ01</subfield>
    <subfield code="j">90</subfield>
    <subfield code="a">import</subfield>
    <subfield code="b">2021-04-05 19:51:07 Europe/Berlin</subfield>
  </datafield>
  <datafield tag="POR" ind1=" " ind2=" ">
    <subfield code="j">LIzenzfreie Zeitschriften</subfield>
    <subfield code="x">System</subfield>
    <subfield code="a">53726127820006441</subfield>
    <subfield code="M">49HBZ_NETWORK</subfield>
    <subfield code="p">61738769100006441</subfield>
    <subfield code="q">Lizenzfreie Zeitschriften - Lizenzfreie E-Ressourcen der ZDB (lzzdb)</subfield>
    <subfield code="c">static</subfield>
    <subfield code="B">Selektionskennzeichen: lzzdb
NZ Phase 1 &#x2013; Wave 1: NZ-P2E</subfield>
    <subfield code="l">kostenfrei</subfield>
    <subfield code="A">49HBZ_DUE</subfield>
    <subfield code="A">49HBZ_HBI</subfield>
    <subfield code="A">49HBZ_UDE</subfield>
    <subfield code="A">49HBZ_FHM</subfield>
    <subfield code="A">49HBZ_ULM</subfield>
    <subfield code="y">2021-04-16 12:09:17 Europe/Berlin</subfield>
    <subfield code="w">2021-04-06 12:02:07 Europe/Berlin</subfield>
    <subfield code="D">https://eu04.alma.exlibrisgroup.com/view/uresolver/49HBZ_NETWORK/openurl?u.ignore_date_coverage=true&amp;portfolio_pid=53726127820006441&amp;Force_direct=true</subfield>
    <subfield code="v">P2E_JOB</subfield>
    <subfield code="z">2021-04-06 10:02:07</subfield>
    <subfield code="i">false</subfield>
    <subfield code="S">62738769090006441</subfield>
    <subfield code="d">https://hbz-network.userservices.exlibrisgroup.com/view/uresolver/49HBZ_NETWORK/openurl?u.ignore_date_coverage=true&amp;rft.mms_id=990184127410206441</subfield>
    <subfield code="b">Available</subfield>
    <subfield code="f">DOCUMENT</subfield>
    <subfield code="e">http://www.duesseldorf.de/wohnen/veroeffentlichung/index.shtml</subfield>
    <subfield code="8">53726127820006441</subfield>
  </datafield>
  <datafield tag="POR" ind1=" " ind2=" ">
    <subfield code="j">E-Pflicht VL</subfield>
    <subfield code="x">System</subfield>
    <subfield code="a">53738793900006441</subfield>
    <subfield code="M">49HBZ_NETWORK</subfield>
    <subfield code="p">61737809920006441</subfield>
    <subfield code="q">E-Pflicht - E-Pflicht ULB D&#xFC;sseldorf (epfl-61)</subfield>
    <subfield code="c">static</subfield>
    <subfield code="B">Selektionskennzeichen: epfl-61
NZ Phase 1 &#x2013; Wave 1: NZ-P2E</subfield>
    <subfield code="A">49HBZ_DUE</subfield>
    <subfield code="y">2021-04-16 10:50:08 Europe/Berlin</subfield>
    <subfield code="w">2021-04-16 10:50:02 Europe/Berlin</subfield>
    <subfield code="D">https://eu04.alma.exlibrisgroup.com/view/uresolver/49HBZ_NETWORK/openurl?u.ignore_date_coverage=true&amp;portfolio_pid=53738793900006441&amp;Force_direct=true</subfield>
    <subfield code="v">System</subfield>
    <subfield code="z">2021-04-16 08:50:02</subfield>
    <subfield code="i">false</subfield>
    <subfield code="S">62737809910006441</subfield>
    <subfield code="d">https://hbz-network.userservices.exlibrisgroup.com/view/uresolver/49HBZ_NETWORK/openurl?u.ignore_date_coverage=true&amp;rft.mms_id=990184127410206441</subfield>
    <subfield code="b">Available</subfield>
    <subfield code="f">BOOK</subfield>
    <subfield code="e">http://www.duesseldorf.de/wohnen/veroeffentlichung/index.shtml</subfield>
    <subfield code="8">53738793900006441</subfield>
  </datafield>
  <datafield tag="POR" ind1=" " ind2=" ">
    <subfield code="j">E-Pflicht VL</subfield>
    <subfield code="x">System</subfield>
    <subfield code="a">53738793940006441</subfield>
    <subfield code="M">49HBZ_NETWORK</subfield>
    <subfield code="p">61737809920006441</subfield>
    <subfield code="q">E-Pflicht - E-Pflicht ULB D&#xFC;sseldorf (epfl-61)</subfield>
    <subfield code="c">static</subfield>
    <subfield code="B">Selektionskennzeichen: epfl-61
NZ Phase 1 &#x2013; Wave 1: NZ-P2E</subfield>
    <subfield code="A">49HBZ_DUE</subfield>
    <subfield code="y">2021-04-16 10:50:08 Europe/Berlin</subfield>
    <subfield code="w">2021-04-16 10:50:02 Europe/Berlin</subfield>
    <subfield code="D">https://eu04.alma.exlibrisgroup.com/view/uresolver/49HBZ_NETWORK/openurl?u.ignore_date_coverage=true&amp;portfolio_pid=53738793940006441&amp;Force_direct=true</subfield>
    <subfield code="v">System</subfield>
    <subfield code="z">2021-04-16 08:50:02</subfield>
    <subfield code="i">false</subfield>
    <subfield code="S">62737809910006441</subfield>
    <subfield code="d">https://hbz-network.userservices.exlibrisgroup.com/view/uresolver/49HBZ_NETWORK/openurl?u.ignore_date_coverage=true&amp;rft.mms_id=990184127410206441</subfield>
    <subfield code="b">Available</subfield>
    <subfield code="f">BOOK</subfield>
    <subfield code="e">http://nbn-resolving.de/urn:nbn:de:hbz:061:3-3091</subfield>
    <subfield code="8">53738793940006441</subfield>
  </datafield>
  <datafield tag="POR" ind1=" " ind2=" ">
    <subfield code="j">LIzenzfreie Zeitschriften</subfield>
    <subfield code="x">System</subfield>
    <subfield code="a">53726127840006441</subfield>
    <subfield code="M">49HBZ_NETWORK</subfield>
    <subfield code="p">61738769100006441</subfield>
    <subfield code="q">Lizenzfreie Zeitschriften - Lizenzfreie E-Ressourcen der ZDB (lzzdb)</subfield>
    <subfield code="c">static</subfield>
    <subfield code="B">Selektionskennzeichen: lzzdb
NZ Phase 1 &#x2013; Wave 1: NZ-P2E</subfield>
    <subfield code="l">kostenfrei</subfield>
    <subfield code="A">49HBZ_DUE</subfield>
    <subfield code="A">49HBZ_HBI</subfield>
    <subfield code="A">49HBZ_UDE</subfield>
    <subfield code="A">49HBZ_FHM</subfield>
    <subfield code="A">49HBZ_ULM</subfield>
    <subfield code="y">2021-04-16 12:09:18 Europe/Berlin</subfield>
    <subfield code="w">2021-04-06 12:02:07 Europe/Berlin</subfield>
    <subfield code="D">https://eu04.alma.exlibrisgroup.com/view/uresolver/49HBZ_NETWORK/openurl?u.ignore_date_coverage=true&amp;portfolio_pid=53726127840006441&amp;Force_direct=true</subfield>
    <subfield code="v">P2E_JOB</subfield>
    <subfield code="z">2021-04-06 10:02:07</subfield>
    <subfield code="i">false</subfield>
    <subfield code="S">62738769090006441</subfield>
    <subfield code="d">https://hbz-network.userservices.exlibrisgroup.com/view/uresolver/49HBZ_NETWORK/openurl?u.ignore_date_coverage=true&amp;rft.mms_id=990184127410206441</subfield>
    <subfield code="b">Available</subfield>
    <subfield code="f">DOCUMENT</subfield>
    <subfield code="e">http://nbn-resolving.de/urn:nbn:de:hbz:061:3-3091</subfield>
    <subfield code="8">53726127840006441</subfield>
  </datafield>
</record>