
<record>
  <leader>00836ngm#a2200265#c#4500</leader>
  <controlfield tag="005">20210409061314.0</controlfield>
  <controlfield tag="007">tu</controlfield>
  <controlfield tag="007">vf#||||||</controlfield>
  <controlfield tag="008">110411|1967####xx#|||############v|eng#c</controlfield>
  <controlfield tag="003">DE-605</controlfield>
  <controlfield tag="001">990185607520206441</controlfield>
  <datafield tag="016" ind1="7" ind2=" ">
    <subfield code="a">1074092439</subfield>
    <subfield code="2">OCoLC</subfield>
  </datafield>
  <datafield tag="035" ind1=" " ind2=" ">
    <subfield code="a">(DE-605)TT003059252</subfield>
  </datafield>
  <datafield tag="040" ind1=" " ind2=" ">
    <subfield code="a">5/Inst</subfield>
    <subfield code="b">ger</subfield>
    <subfield code="c">5/Inst</subfield>
    <subfield code="e">rakwb</subfield>
  </datafield>
  <datafield tag="041" ind1=" " ind2=" ">
    <subfield code="a">eng</subfield>
  </datafield>
  <datafield tag="245" ind1="0" ind2="0">
    <subfield code="a">&lt;&lt;The&gt;&gt; Beatles</subfield>
    <subfield code="h">Bildtontr&#xE4;ger</subfield>
    <subfield code="b">Magical Mystery Tour</subfield>
    <subfield code="c">The Beatles. Produced and Directed by The Beatles.</subfield>
  </datafield>
  <datafield tag="264" ind1=" " ind2="1">
    <subfield code="a">s.l.</subfield>
    <subfield code="b">Apple Films</subfield>
    <subfield code="c">1967</subfield>
  </datafield>
  <datafield tag="300" ind1=" " ind2=" ">
    <subfield code="a">1 Video (VHS, 55 min.) : farb.; stereo</subfield>
  </datafield>
  <datafield tag="500" ind1=" " ind2=" ">
    <subfield code="a">Engl. Original mit dt. Untertiteln</subfield>
    <subfield code="9">F:501</subfield>
  </datafield>
  <datafield tag="710" ind1="2" ind2=" ">
    <subfield code="a">&lt;&lt;The&gt;&gt; Beatles</subfield>
    <subfield code="g">Musikgruppe</subfield>
    <subfield code="0">(DE-588)2005535-3</subfield>
    <subfield code="4">oth</subfield>
  </datafield>
  <datafield tag="961" ind1=" " ind2=" ">
    <subfield code="a">3984 25148-3</subfield>
  </datafield>
  <datafield tag="964" ind1="0" ind2="s">
    <subfield code="F">030</subfield>
    <subfield code="A">a|1uc||||||37</subfield>
  </datafield>
  <datafield tag="964" ind1="0" ind2="s">
    <subfield code="F">050</subfield>
    <subfield code="A">a||||ca|||||||</subfield>
  </datafield>
  <datafield tag="964" ind1="0" ind2="s">
    <subfield code="F">051</subfield>
    <subfield code="A">m|||||||</subfield>
  </datafield>
  <datafield tag="035" ind1=" " ind2=" ">
    <subfield code="a">(OCoLC)1074092439</subfield>
    <subfield code="0">(uri) http://www.worldcat.org/oclc/1074092439</subfield>
  </datafield>
  <datafield tag="MBD" ind1=" " ind2=" ">
    <subfield code="M">49HBZ_NETWORK</subfield>
    <subfield code="i">990185607520206441</subfield>
    <subfield code="n">HBZ Network</subfield>
  </datafield>
  <datafield tag="MNG" ind1=" " ind2=" ">
    <subfield code="c">System</subfield>
    <subfield code="f">ILS</subfield>
    <subfield code="i">marc21</subfield>
    <subfield code="k">01</subfield>
    <subfield code="e">false</subfield>
    <subfield code="d">2021-08-26 04:04:48 Europe/Berlin</subfield>
    <subfield code="g">018560752-HBZ01</subfield>
    <subfield code="j">50</subfield>
    <subfield code="a">import</subfield>
    <subfield code="b">2021-04-05 20:38:10 Europe/Berlin</subfield>
  </datafield>
</record>