
<record>
  <leader>03563nas#a2200805#c#4500</leader>
  <controlfield tag="005">20210409081811.0</controlfield>
  <controlfield tag="007">cr#|||||||||||</controlfield>
  <controlfield tag="008">121008m19512004xx##|#p#o#####|####|ger#c</controlfield>
  <controlfield tag="003">DE-605</controlfield>
  <controlfield tag="001">990193229450206441</controlfield>
  <datafield tag="016" ind1="7" ind2=" ">
    <subfield code="a">1026654807</subfield>
    <subfield code="2">DE-101b</subfield>
  </datafield>
  <datafield tag="016" ind1="7" ind2=" ">
    <subfield code="a">2685248-2</subfield>
    <subfield code="2">DE-600</subfield>
  </datafield>
  <datafield tag="016" ind1="7" ind2=" ">
    <subfield code="a">1073526105</subfield>
    <subfield code="2">OCoLC</subfield>
  </datafield>
  <datafield tag="024" ind1="7" ind2=" ">
    <subfield code="a">urn:nbn:de:hbz:6-85659520092</subfield>
    <subfield code="2">urn</subfield>
  </datafield>
  <datafield tag="035" ind1=" " ind2=" ">
    <subfield code="a">(DE-605)HT017411546</subfield>
  </datafield>
  <datafield tag="040" ind1=" " ind2=" ">
    <subfield code="a">0006</subfield>
    <subfield code="b">ger</subfield>
    <subfield code="c">DNB</subfield>
    <subfield code="d">0006</subfield>
  </datafield>
  <datafield tag="041" ind1=" " ind2=" ">
    <subfield code="a">ger</subfield>
  </datafield>
  <datafield tag="044" ind1=" " ind2=" ">
    <subfield code="c">XA-DXDE</subfield>
  </datafield>
  <datafield tag="084" ind1=" " ind2=" ">
    <subfield code="a">900</subfield>
    <subfield code="q">DE-600</subfield>
    <subfield code="2">zdbs</subfield>
  </datafield>
  <datafield tag="084" ind1=" " ind2=" ">
    <subfield code="a">04</subfield>
    <subfield code="2">nwbib</subfield>
  </datafield>
  <datafield tag="084" ind1=" " ind2=" ">
    <subfield code="a">101000</subfield>
    <subfield code="2">nwbib</subfield>
  </datafield>
  <datafield tag="084" ind1=" " ind2=" ">
    <subfield code="a">102000</subfield>
    <subfield code="2">nwbib</subfield>
  </datafield>
  <datafield tag="090" ind1=" " ind2=" ">
    <subfield code="n">dm</subfield>
    <subfield code="n">ld</subfield>
  </datafield>
  <datafield tag="245" ind1="0" ind2="0">
    <subfield code="a">Westf&#xE4;lische Bibliographie zur Geschichte, Landeskunde und Volkskunde</subfield>
  </datafield>
  <datafield tag="246" ind1="3" ind2=" ">
    <subfield code="a">Ver&#xF6;ffentlichungen der Historischen Kommission f&#xFC;r Westfalen / Westf&#xE4;lische Bibliographie zur Geschichte, Landeskunde und Volkskunde</subfield>
  </datafield>
  <datafield tag="264" ind1="3" ind2="1">
    <subfield code="a">M&#xFC;nster</subfield>
    <subfield code="b">Regensberg</subfield>
    <subfield code="a">M&#xFC;nster</subfield>
    <subfield code="b">Historische Kommission, Landschaftsverband Westfalen-Lippe</subfield>
    <subfield code="c">1951-2004</subfield>
    <subfield code="3">1951-2004</subfield>
  </datafield>
  <datafield tag="264" ind1="2" ind2="1">
    <subfield code="a">M&#xFC;nster</subfield>
    <subfield code="b">Regensberg</subfield>
    <subfield code="3">1951-1977</subfield>
  </datafield>
  <datafield tag="300" ind1=" " ind2=" ">
    <subfield code="a">Online-Ressource</subfield>
  </datafield>
  <datafield tag="336" ind1=" " ind2=" ">
    <subfield code="b">txt</subfield>
  </datafield>
  <datafield tag="337" ind1=" " ind2=" ">
    <subfield code="b">c</subfield>
  </datafield>
  <datafield tag="338" ind1=" " ind2=" ">
    <subfield code="b">cr</subfield>
  </datafield>
  <datafield tag="362" ind1="0" ind2=" ">
    <subfield code="a">1.1951/55; 2.1961/90; 3.1977; 4.2004=Register; damit Ersch. eingest.</subfield>
  </datafield>
  <datafield tag="363" ind1="0" ind2="0">
    <subfield code="8">1.1\x</subfield>
    <subfield code="a">1</subfield>
    <subfield code="i">1951/55</subfield>
  </datafield>
  <datafield tag="363" ind1="0" ind2="0">
    <subfield code="8">2.1\x</subfield>
    <subfield code="a">2</subfield>
    <subfield code="i">1961/90</subfield>
  </datafield>
  <datafield tag="363" ind1="0" ind2="0">
    <subfield code="8">3.1\x</subfield>
    <subfield code="a">3</subfield>
    <subfield code="i">1977</subfield>
  </datafield>
  <datafield tag="363" ind1="0" ind2="0">
    <subfield code="8">4.1\x</subfield>
    <subfield code="a">4</subfield>
    <subfield code="i">2004</subfield>
  </datafield>
  <datafield tag="500" ind1=" " ind2=" ">
    <subfield code="a">Gesehen am 08.10.12</subfield>
    <subfield code="9">F:501</subfield>
  </datafield>
  <datafield tag="500" ind1=" " ind2=" ">
    <subfield code="a">Beteil. K&#xF6;rp. anfangs: Historische Kommission f&#xFC;r Westfalen in Verbindung mit dem Verein f&#xFC;r Geschichte und Altertumskunde Westfalens</subfield>
    <subfield code="9">F:509</subfield>
  </datafield>
  <datafield tag="515" ind1=" " ind2=" ">
    <subfield code="a">Ersch. in Lfg; springende Ersch.-Jahre</subfield>
  </datafield>
  <datafield tag="533" ind1=" " ind2=" ">
    <subfield code="a">Digitalisierte Ausg.: M&#xFC;nster : Universit&#xE4;ts- und Landesbibliothek, 2012. (Digitale Sammlungen der Universit&#xE4;ts- und Landesbibliothek M&#xFC;nster)</subfield>
    <subfield code="b">Digitalisierte Ausg.</subfield>
    <subfield code="c">Digitalisierte Ausg.</subfield>
    <subfield code="b">Digitalisierte Ausg.</subfield>
    <subfield code="c">Digitalisierte Ausg.</subfield>
    <subfield code="d">2012 - ...</subfield>
    <subfield code="f">Digitale Sammlungen der Universit&#xE4;ts- und Landesbibliothek M&#xFC;nster</subfield>
  </datafield>
  <datafield tag="655" ind1=" " ind2="7">
    <subfield code="a">Zeitschrift</subfield>
    <subfield code="0">(DE-588)4067488-5</subfield>
    <subfield code="2">gnd-content</subfield>
  </datafield>
  <datafield tag="655" ind1=" " ind2="7">
    <subfield code="a">Bibliografie</subfield>
    <subfield code="y">1800-1940</subfield>
    <subfield code="0">(DE-588)4006432-3</subfield>
    <subfield code="2">gnd-content</subfield>
  </datafield>
  <datafield tag="689" ind1="0" ind2="0">
    <subfield code="a">Westfalen</subfield>
    <subfield code="D">g</subfield>
    <subfield code="0">(DE-588)4065781-4</subfield>
    <subfield code="0">(uri) https://portal.dnb.de/opac.htm?method=simpleSearch&amp;cqlMode=true&amp;query=idn=040657817</subfield>
    <subfield code="0">(uri) http://viaf.org/viaf/sourceID/DNB|040657817</subfield>
  </datafield>
  <datafield tag="689" ind1="0" ind2="1">
    <subfield code="a">Landeskunde</subfield>
    <subfield code="D">s</subfield>
    <subfield code="0">(DE-588)4073972-7</subfield>
    <subfield code="0">(uri) https://portal.dnb.de/opac.htm?method=simpleSearch&amp;cqlMode=true&amp;query=idn=040739724</subfield>
    <subfield code="0">(uri) http://viaf.org/viaf/sourceID/DNB|040739724</subfield>
  </datafield>
  <datafield tag="689" ind1="0" ind2="2">
    <subfield code="a">Bibliographie 1800-1940</subfield>
    <subfield code="A">f</subfield>
  </datafield>
  <datafield tag="689" ind1="0" ind2="3">
    <subfield code="a">Online-Publikation</subfield>
    <subfield code="A">f</subfield>
  </datafield>
  <datafield tag="689" ind1="0" ind2=" ">
    <subfield code="5">DE-6</subfield>
    <subfield code="5">DE-605</subfield>
  </datafield>
  <datafield tag="689" ind1="1" ind2="0">
    <subfield code="a">Westfalen</subfield>
    <subfield code="D">g</subfield>
    <subfield code="0">(DE-588)4065781-4</subfield>
    <subfield code="0">(uri) https://portal.dnb.de/opac.htm?method=simpleSearch&amp;cqlMode=true&amp;query=idn=040657817</subfield>
    <subfield code="0">(uri) http://viaf.org/viaf/sourceID/DNB|040657817</subfield>
  </datafield>
  <datafield tag="689" ind1="1" ind2="1">
    <subfield code="a">Volkskunde</subfield>
    <subfield code="D">s</subfield>
    <subfield code="0">(DE-588)4078937-8</subfield>
    <subfield code="0">(uri) https://portal.dnb.de/opac.htm?method=simpleSearch&amp;cqlMode=true&amp;query=idn=040789373</subfield>
    <subfield code="0">(uri) http://viaf.org/viaf/sourceID/DNB|040789373</subfield>
  </datafield>
  <datafield tag="689" ind1="1" ind2="2">
    <subfield code="a">Bibliographie 1800-1940</subfield>
    <subfield code="A">f</subfield>
  </datafield>
  <datafield tag="689" ind1="1" ind2="3">
    <subfield code="a">Online-Publikation</subfield>
    <subfield code="A">f</subfield>
  </datafield>
  <datafield tag="689" ind1="1" ind2=" ">
    <subfield code="5">DE-6</subfield>
    <subfield code="5">DE-605</subfield>
  </datafield>
  <datafield tag="689" ind1="2" ind2="0">
    <subfield code="a">Westfalen</subfield>
    <subfield code="D">g</subfield>
    <subfield code="0">(DE-588)4065781-4</subfield>
    <subfield code="0">(uri) https://portal.dnb.de/opac.htm?method=simpleSearch&amp;cqlMode=true&amp;query=idn=040657817</subfield>
    <subfield code="0">(uri) http://viaf.org/viaf/sourceID/DNB|040657817</subfield>
  </datafield>
  <datafield tag="689" ind1="2" ind2="1">
    <subfield code="a">Geschichte</subfield>
    <subfield code="A">z</subfield>
  </datafield>
  <datafield tag="689" ind1="2" ind2="2">
    <subfield code="a">Bibliographie 1800-1940</subfield>
    <subfield code="A">f</subfield>
  </datafield>
  <datafield tag="689" ind1="2" ind2="3">
    <subfield code="a">Online-Publikation</subfield>
    <subfield code="A">f</subfield>
  </datafield>
  <datafield tag="689" ind1="2" ind2=" ">
    <subfield code="5">DE-6</subfield>
    <subfield code="5">DE-605</subfield>
  </datafield>
  <datafield tag="710" ind1="2" ind2=" ">
    <subfield code="a">Historische Kommission f&#xFC;r Westfalen</subfield>
    <subfield code="0">(DE-588)2140069-6</subfield>
    <subfield code="4">isb</subfield>
    <subfield code="0">(uri) https://portal.dnb.de/opac.htm?method=simpleSearch&amp;cqlMode=true&amp;query=idn=942193822</subfield>
    <subfield code="0">(uri) http://viaf.org/viaf/sourceID/DNB|942193822</subfield>
  </datafield>
  <datafield tag="770" ind1="0" ind2="8">
    <subfield code="i">Digital. Grundwerk zu</subfield>
    <subfield code="t">Westf&#xE4;lische Bibliographie</subfield>
    <subfield code="d">Dortmund : Stadt- u. Landesbibl., 1954-1983</subfield>
    <subfield code="x">0510-3150</subfield>
    <subfield code="w">(DE-605)HT001387918</subfield>
  </datafield>
  <datafield tag="776" ind1="0" ind2="8">
    <subfield code="i">Druckausg.</subfield>
    <subfield code="t">Westf&#xE4;lische Bibliographie zur Geschichte, Landeskunde und Volkskunde</subfield>
    <subfield code="d">M&#xFC;nster : Regensberg, 1951-2004</subfield>
    <subfield code="x">0508-590x</subfield>
    <subfield code="w">(DE-605)HT006951721</subfield>
    <subfield code="0">(uri) http://worldcat.org/issn/0508-590x</subfield>
  </datafield>
  <datafield tag="856" ind1="4" ind2="0">
    <subfield code="u">https://nbn-resolving.org/urn:nbn:de:hbz:6-85659520092</subfield>
    <subfield code="x">Resolving-System</subfield>
  </datafield>
  <datafield tag="856" ind1="4" ind2="0">
    <subfield code="u">http://sammlungen.ulb.uni-muenster.de/urn/urn:nbn:de:hbz:6-85659520092</subfield>
    <subfield code="x">Digitalisierung</subfield>
    <subfield code="z">kostenfrei</subfield>
  </datafield>
  <datafield tag="960" ind1="1" ind2=" ">
    <subfield code="n">NWBib-6</subfield>
  </datafield>
  <datafield tag="960" ind1="1" ind2=" ">
    <subfield code="z">lzZDB</subfield>
  </datafield>
  <datafield tag="964" ind1="0" ind2="s">
    <subfield code="F">030</subfield>
    <subfield code="A">a||u|||||||37</subfield>
  </datafield>
  <datafield tag="964" ind1="0" ind2="s">
    <subfield code="F">050</subfield>
    <subfield code="A">||||||||g|||||</subfield>
  </datafield>
  <datafield tag="964" ind1="0" ind2="s">
    <subfield code="F">052</subfield>
    <subfield code="A">p||||||t|||||||</subfield>
  </datafield>
  <datafield tag="035" ind1=" " ind2=" ">
    <subfield code="a">(DE-600)2685248-2</subfield>
  </datafield>
  <datafield tag="035" ind1=" " ind2=" ">
    <subfield code="a">(OCoLC)1073526105</subfield>
    <subfield code="0">(uri) http://www.worldcat.org/oclc/1073526105</subfield>
  </datafield>
  <datafield tag="035" ind1=" " ind2=" ">
    <subfield code="a">(DE-599)ZDB2685248-2</subfield>
  </datafield>
  <datafield tag="MBD" ind1=" " ind2=" ">
    <subfield code="M">49HBZ_NETWORK</subfield>
    <subfield code="i">990193229450206441</subfield>
    <subfield code="n">HBZ Network</subfield>
  </datafield>
  <datafield tag="MNG" ind1=" " ind2=" ">
    <subfield code="c">System</subfield>
    <subfield code="f">ILS</subfield>
    <subfield code="i">marc21</subfield>
    <subfield code="k">01</subfield>
    <subfield code="e">false</subfield>
    <subfield code="d">2022-08-02 10:07:11 Europe/Berlin</subfield>
    <subfield code="g">019322945-HBZ01</subfield>
    <subfield code="j">90</subfield>
    <subfield code="a">import</subfield>
    <subfield code="b">2021-04-05 19:48:47 Europe/Berlin</subfield>
  </datafield>
  <datafield tag="POR" ind1=" " ind2=" ">
    <subfield code="j">LIzenzfreie Zeitschriften</subfield>
    <subfield code="x">System</subfield>
    <subfield code="a">53717168750006441</subfield>
    <subfield code="M">49HBZ_NETWORK</subfield>
    <subfield code="p">61738769100006441</subfield>
    <subfield code="q">Lizenzfreie Zeitschriften - Lizenzfreie E-Ressourcen der ZDB (lzzdb)</subfield>
    <subfield code="c">static</subfield>
    <subfield code="B">Selektionskennzeichen: lzzdb
NZ Phase 1 &#x2013; Wave 1: NZ-P2E</subfield>
    <subfield code="l">kostenfrei</subfield>
    <subfield code="A">49HBZ_DUE</subfield>
    <subfield code="A">49HBZ_HBI</subfield>
    <subfield code="A">49HBZ_UDE</subfield>
    <subfield code="A">49HBZ_FHM</subfield>
    <subfield code="A">49HBZ_ULM</subfield>
    <subfield code="y">2021-04-16 13:49:05 Europe/Berlin</subfield>
    <subfield code="w">2021-04-06 11:22:29 Europe/Berlin</subfield>
    <subfield code="D">https://eu04.alma.exlibrisgroup.com/view/uresolver/49HBZ_NETWORK/openurl?u.ignore_date_coverage=true&amp;portfolio_pid=53717168750006441&amp;Force_direct=true</subfield>
    <subfield code="v">P2E_JOB</subfield>
    <subfield code="z">2021-04-06 09:22:29</subfield>
    <subfield code="i">false</subfield>
    <subfield code="S">62738769090006441</subfield>
    <subfield code="d">https://hbz-network.userservices.exlibrisgroup.com/view/uresolver/49HBZ_NETWORK/openurl?u.ignore_date_coverage=true&amp;rft.mms_id=990193229450206441</subfield>
    <subfield code="b">Available</subfield>
    <subfield code="f">JOURNAL</subfield>
    <subfield code="e">http://sammlungen.ulb.uni-muenster.de/urn/urn:nbn:de:hbz:6-85659520092</subfield>
    <subfield code="8">53717168750006441</subfield>
  </datafield>
  <datafield tag="POR" ind1=" " ind2=" ">
    <subfield code="j">LIzenzfreie Zeitschriften</subfield>
    <subfield code="x">System</subfield>
    <subfield code="a">53717168770006441</subfield>
    <subfield code="M">49HBZ_NETWORK</subfield>
    <subfield code="p">61738769100006441</subfield>
    <subfield code="q">Lizenzfreie Zeitschriften - Lizenzfreie E-Ressourcen der ZDB (lzzdb)</subfield>
    <subfield code="c">static</subfield>
    <subfield code="B">Selektionskennzeichen: lzzdb
NZ Phase 1 &#x2013; Wave 1: NZ-P2E</subfield>
    <subfield code="l">kostenfrei</subfield>
    <subfield code="A">49HBZ_DUE</subfield>
    <subfield code="A">49HBZ_HBI</subfield>
    <subfield code="A">49HBZ_UDE</subfield>
    <subfield code="A">49HBZ_FHM</subfield>
    <subfield code="A">49HBZ_ULM</subfield>
    <subfield code="y">2021-04-16 13:49:03 Europe/Berlin</subfield>
    <subfield code="w">2021-04-06 11:22:29 Europe/Berlin</subfield>
    <subfield code="D">https://eu04.alma.exlibrisgroup.com/view/uresolver/49HBZ_NETWORK/openurl?u.ignore_date_coverage=true&amp;portfolio_pid=53717168770006441&amp;Force_direct=true</subfield>
    <subfield code="v">P2E_JOB</subfield>
    <subfield code="z">2021-04-06 09:22:29</subfield>
    <subfield code="i">false</subfield>
    <subfield code="S">62738769090006441</subfield>
    <subfield code="d">https://hbz-network.userservices.exlibrisgroup.com/view/uresolver/49HBZ_NETWORK/openurl?u.ignore_date_coverage=true&amp;rft.mms_id=990193229450206441</subfield>
    <subfield code="b">Available</subfield>
    <subfield code="f">JOURNAL</subfield>
    <subfield code="e">https://nbn-resolving.org/urn:nbn:de:hbz:6-85659520092</subfield>
    <subfield code="8">53717168770006441</subfield>
  </datafield>
</record>