
<record>
  <leader>01397nmm#a2200337#c#4500</leader>
  <controlfield tag="005">20210409074040.0</controlfield>
  <controlfield tag="007">cr#|||||||||||</controlfield>
  <controlfield tag="008">130611|1911####xx######o##|########ger#c</controlfield>
  <controlfield tag="003">DE-605</controlfield>
  <controlfield tag="001">990197067610206441</controlfield>
  <datafield tag="024" ind1="7" ind2=" ">
    <subfield code="a">urn:nbn:de:hbz:061:1-249692</subfield>
    <subfield code="2">urn</subfield>
  </datafield>
  <datafield tag="035" ind1=" " ind2=" ">
    <subfield code="a">(DE-605)CT003043468</subfield>
  </datafield>
  <datafield tag="040" ind1=" " ind2=" ">
    <subfield code="a">61</subfield>
    <subfield code="b">ger</subfield>
    <subfield code="e">rakwb</subfield>
  </datafield>
  <datafield tag="041" ind1=" " ind2=" ">
    <subfield code="a">ger</subfield>
  </datafield>
  <datafield tag="044" ind1=" " ind2=" ">
    <subfield code="c">XA-DXDE</subfield>
  </datafield>
  <datafield tag="245" ind1="0" ind2="0">
    <subfield code="a">C&#xF6;ln, Gasthaus "Zum St. Peter", Unter Hutmacher 31</subfield>
    <subfield code="h">Elektronische Ressource</subfield>
    <subfield code="c">von Erwin Quedenfeldt</subfield>
  </datafield>
  <datafield tag="246" ind1="1" ind2="0">
    <subfield code="a">K&#xF6;ln</subfield>
  </datafield>
  <datafield tag="246" ind1="1" ind2="0">
    <subfield code="a">Sankt</subfield>
  </datafield>
  <datafield tag="264" ind1=" " ind2="1">
    <subfield code="a">D&#xFC;sseldorf</subfield>
    <subfield code="b">Quedenfeldt</subfield>
    <subfield code="c">1911</subfield>
  </datafield>
  <datafield tag="300" ind1=" " ind2=" ">
    <subfield code="a">1 Foto ; 24 x 18 cm</subfield>
  </datafield>
  <datafield tag="340" ind1=" " ind2=" ">
    <subfield code="a">Online-Ressource</subfield>
    <subfield code="9">F:652a</subfield>
  </datafield>
  <datafield tag="500" ind1=" " ind2=" ">
    <subfield code="a">heute Heumarkt 77, "Gilden im Zims"</subfield>
    <subfield code="9">F:501</subfield>
  </datafield>
  <datafield tag="533" ind1=" " ind2=" ">
    <subfield code="a">Digitalisierte Ausg.</subfield>
    <subfield code="b">D&#xFC;sseldorf</subfield>
    <subfield code="c">Universit&#xE4;ts- und Landesbibliothek</subfield>
    <subfield code="d">2013</subfield>
    <subfield code="f">Digitale Sammlungen der Universit&#xE4;ts- und Landesbibliothek D&#xFC;sseldorf</subfield>
  </datafield>
  <datafield tag="700" ind1="1" ind2=" ">
    <subfield code="a">Quedenfeldt, Erwin</subfield>
    <subfield code="d">1869-1948</subfield>
    <subfield code="0">(DE-588)118892711</subfield>
    <subfield code="4">oth</subfield>
    <subfield code="0">(uri) https://portal.dnb.de/opac.htm?method=simpleSearch&amp;cqlMode=true&amp;query=idn=118892711</subfield>
    <subfield code="0">(uri) http://viaf.org/viaf/sourceID/DNB|118892711</subfield>
  </datafield>
  <datafield tag="776" ind1="0" ind2="8">
    <subfield code="i">Elektronische Reproduktion von</subfield>
    <subfield code="t">C&#xF6;ln, Gasthaus "Zum St. Peter", Unter Hutmacher 31</subfield>
    <subfield code="k">Einzelbilder vom Niederrhein ; 501 : Serie 3</subfield>
    <subfield code="w">(DE-605)HT017551955</subfield>
  </datafield>
  <datafield tag="856" ind1="4" ind2=" ">
    <subfield code="q">text/html</subfield>
    <subfield code="u">http://nbn-resolving.de/urn:nbn:de:hbz:061:1-249692</subfield>
    <subfield code="x">Resolving-System</subfield>
    <subfield code="z">kostenfrei</subfield>
    <subfield code="3">Volltext</subfield>
  </datafield>
  <datafield tag="962" ind1=" " ind2=" ">
    <subfield code="e">ldd</subfield>
    <subfield code="e">vl-ulbd</subfield>
  </datafield>
  <datafield tag="964" ind1="0" ind2="s">
    <subfield code="F">030</subfield>
    <subfield code="A">a|1uc||||||37</subfield>
  </datafield>
  <datafield tag="964" ind1="0" ind2="s">
    <subfield code="F">050</subfield>
    <subfield code="A">||||||||g|||||</subfield>
  </datafield>
  <datafield tag="964" ind1="0" ind2="s">
    <subfield code="F">051</subfield>
    <subfield code="A">s|||||||</subfield>
  </datafield>
  <datafield tag="035" ind1=" " ind2=" ">
    <subfield code="a">(DE-599)HBZCT003043468</subfield>
  </datafield>
  <datafield tag="MBD" ind1=" " ind2=" ">
    <subfield code="M">49HBZ_NETWORK</subfield>
    <subfield code="i">990197067610206441</subfield>
    <subfield code="n">HBZ Network</subfield>
  </datafield>
  <datafield tag="MNG" ind1=" " ind2=" ">
    <subfield code="c">System</subfield>
    <subfield code="f">ILS</subfield>
    <subfield code="i">marc21</subfield>
    <subfield code="k">01</subfield>
    <subfield code="e">false</subfield>
    <subfield code="d">2021-04-09 07:40:40 Europe/Berlin</subfield>
    <subfield code="g">019706761-HBZ01</subfield>
    <subfield code="j">60</subfield>
    <subfield code="a">import</subfield>
    <subfield code="b">2021-04-05 07:56:31 Europe/Berlin</subfield>
  </datafield>
  <datafield tag="POR" ind1=" " ind2=" ">
    <subfield code="j">Digitalisate VL</subfield>
    <subfield code="x">System</subfield>
    <subfield code="a">53723406060006441</subfield>
    <subfield code="M">49HBZ_NETWORK</subfield>
    <subfield code="p">61738769260006441</subfield>
    <subfield code="q">Digitalisate Visual Library - Digitale Sammlungen der ULB D&#xFC;sseldorf (vl-ulbd)</subfield>
    <subfield code="c">static</subfield>
    <subfield code="B">Selektionskennzeichen: vl-ulbd
NZ Phase 1 &#x2013; Wave 1: NZ-P2E</subfield>
    <subfield code="l">kostenfrei</subfield>
    <subfield code="A">49HBZ_DUE</subfield>
    <subfield code="A">49HBZ_UDE</subfield>
    <subfield code="A">49HBZ_PAD</subfield>
    <subfield code="y">2021-04-16 12:10:08 Europe/Berlin</subfield>
    <subfield code="w">2021-04-06 11:53:39 Europe/Berlin</subfield>
    <subfield code="D">https://eu04.alma.exlibrisgroup.com/view/uresolver/49HBZ_NETWORK/openurl?u.ignore_date_coverage=true&amp;portfolio_pid=53723406060006441&amp;Force_direct=true</subfield>
    <subfield code="v">P2E_JOB</subfield>
    <subfield code="z">2021-04-06 09:53:39</subfield>
    <subfield code="i">false</subfield>
    <subfield code="S">62738769250006441</subfield>
    <subfield code="d">https://hbz-network.userservices.exlibrisgroup.com/view/uresolver/49HBZ_NETWORK/openurl?u.ignore_date_coverage=true&amp;rft.mms_id=990197067610206441</subfield>
    <subfield code="b">Available</subfield>
    <subfield code="f">DOCUMENT</subfield>
    <subfield code="e">http://nbn-resolving.de/urn:nbn:de:hbz:061:1-249692</subfield>
    <subfield code="8">53723406060006441</subfield>
  </datafield>
</record>