
<record>
  <leader>01189cms#a22003611c#4500</leader>
  <controlfield tag="005">20210409064645.0</controlfield>
  <controlfield tag="007">cr#|||||||||||</controlfield>
  <controlfield tag="008">131119m19809999xxu#####ot#|########eng#c</controlfield>
  <controlfield tag="003">DE-605</controlfield>
  <controlfield tag="001">990199611280206441</controlfield>
  <datafield tag="016" ind1="7" ind2=" ">
    <subfield code="a">1073629476</subfield>
    <subfield code="2">OCoLC</subfield>
  </datafield>
  <datafield tag="022" ind1=" " ind2=" ">
    <subfield code="a">0270-4013</subfield>
  </datafield>
  <datafield tag="035" ind1=" " ind2=" ">
    <subfield code="a">(DE-605)HT017894012</subfield>
  </datafield>
  <datafield tag="040" ind1=" " ind2=" ">
    <subfield code="a">468</subfield>
    <subfield code="b">ger</subfield>
    <subfield code="d">290</subfield>
    <subfield code="e">rakwb</subfield>
  </datafield>
  <datafield tag="041" ind1=" " ind2=" ">
    <subfield code="a">eng</subfield>
  </datafield>
  <datafield tag="044" ind1=" " ind2=" ">
    <subfield code="c">XD-US</subfield>
  </datafield>
  <datafield tag="090" ind1=" " ind2=" ">
    <subfield code="n">fb</subfield>
  </datafield>
  <datafield tag="245" ind1="0" ind2="0">
    <subfield code="a">Advances in special education</subfield>
    <subfield code="h">Elektronische Ressource</subfield>
    <subfield code="b">a research annual</subfield>
  </datafield>
  <datafield tag="264" ind1="3" ind2="1">
    <subfield code="a">Greenwich, Conn.</subfield>
    <subfield code="b">JAI Pr.</subfield>
    <subfield code="c">1980-</subfield>
  </datafield>
  <datafield tag="340" ind1=" " ind2=" ">
    <subfield code="a">Online-Ressource</subfield>
    <subfield code="9">F:652a</subfield>
  </datafield>
  <datafield tag="362" ind1="0" ind2=" ">
    <subfield code="a">1.1980 - 3.1981; 4.1984 -</subfield>
  </datafield>
  <datafield tag="500" ind1=" " ind2=" ">
    <subfield code="a">Sp&#xE4;ter erschienen bei Emerald, Bingley</subfield>
    <subfield code="9">F:501</subfield>
  </datafield>
  <datafield tag="655" ind1=" " ind2="7">
    <subfield code="a">Aufsatzsammlung</subfield>
    <subfield code="0">(DE-588)4143413-4</subfield>
    <subfield code="2">gnd-content</subfield>
  </datafield>
  <datafield tag="689" ind1="0" ind2="0">
    <subfield code="a">Sonderp&#xE4;dagogik</subfield>
    <subfield code="D">s</subfield>
    <subfield code="0">(DE-588)4077513-6</subfield>
    <subfield code="0">(uri) https://portal.dnb.de/opac.htm?method=simpleSearch&amp;cqlMode=true&amp;query=idn=040775135</subfield>
    <subfield code="0">(uri) http://viaf.org/viaf/sourceID/DNB|040775135</subfield>
  </datafield>
  <datafield tag="689" ind1="1" ind2="0">
    <subfield code="a">Sonderp&#xE4;dagogik</subfield>
    <subfield code="D">s</subfield>
    <subfield code="0">(DE-588)4077513-6</subfield>
    <subfield code="0">(uri) https://portal.dnb.de/opac.htm?method=simpleSearch&amp;cqlMode=true&amp;query=idn=040775135</subfield>
    <subfield code="0">(uri) http://viaf.org/viaf/sourceID/DNB|040775135</subfield>
  </datafield>
  <datafield tag="689" ind1="1" ind2="1">
    <subfield code="a">Zeitschrift</subfield>
    <subfield code="D">s</subfield>
    <subfield code="0">(DE-588)4067488-5</subfield>
    <subfield code="0">(uri) https://portal.dnb.de/opac.htm?method=simpleSearch&amp;cqlMode=true&amp;query=idn=040674886</subfield>
    <subfield code="0">(uri) http://viaf.org/viaf/sourceID/DNB|040674886</subfield>
  </datafield>
  <datafield tag="776" ind1="0" ind2="8">
    <subfield code="i">Erscheint auch als</subfield>
    <subfield code="n">Druckausg.</subfield>
    <subfield code="t">Advances in special education</subfield>
    <subfield code="w">(DE-605)HT001264723</subfield>
  </datafield>
  <datafield tag="960" ind1="1" ind2=" ">
    <subfield code="i">iall</subfield>
  </datafield>
  <datafield tag="964" ind1="0" ind2="s">
    <subfield code="F">030</subfield>
    <subfield code="A">b|1dcz|z|||37</subfield>
  </datafield>
  <datafield tag="964" ind1="0" ind2="s">
    <subfield code="F">050</subfield>
    <subfield code="A">||||||||g|||||</subfield>
  </datafield>
  <datafield tag="964" ind1="0" ind2="s">
    <subfield code="F">052</subfield>
    <subfield code="A">rfb||||z|||||||</subfield>
  </datafield>
  <datafield tag="035" ind1=" " ind2=" ">
    <subfield code="a">(OCoLC)1073629476</subfield>
    <subfield code="0">(uri) http://www.worldcat.org/oclc/1073629476</subfield>
  </datafield>
  <datafield tag="035" ind1=" " ind2=" ">
    <subfield code="a">(DE-599)HBZHT017894012</subfield>
  </datafield>
  <datafield tag="MBD" ind1=" " ind2=" ">
    <subfield code="M">49HBZ_NETWORK</subfield>
    <subfield code="i">990199611280206441</subfield>
    <subfield code="n">HBZ Network</subfield>
  </datafield>
  <datafield tag="MBD" ind1=" " ind2=" ">
    <subfield code="M">49HBZ_WUP</subfield>
    <subfield code="i">990013137900206447</subfield>
    <subfield code="n">Bergische Universit&#xE4;t Wuppertal</subfield>
  </datafield>
  <datafield tag="340" ind1=" " ind2=" ">
    <subfield code="a">Online-Ressource</subfield>
    <subfield code="9">F:652a</subfield>
    <subfield code="M">49HBZ_WUP</subfield>
  </datafield>
  <datafield tag="500" ind1=" " ind2=" ">
    <subfield code="a">Sp&#xE4;ter erschienen bei Emerald, Bingley</subfield>
    <subfield code="9">F:501</subfield>
    <subfield code="M">49HBZ_WUP</subfield>
  </datafield>
  <datafield tag="MBD" ind1=" " ind2=" ">
    <subfield code="M">49HBZ_UBD</subfield>
    <subfield code="i">991009656879706445</subfield>
    <subfield code="n">Technische Universit&#xE4;t Dortmund</subfield>
  </datafield>
  <datafield tag="340" ind1=" " ind2=" ">
    <subfield code="a">Online-Ressource</subfield>
    <subfield code="9">F:652a</subfield>
    <subfield code="M">49HBZ_UBD</subfield>
  </datafield>
  <datafield tag="500" ind1=" " ind2=" ">
    <subfield code="a">Sp&#xE4;ter erschienen bei Emerald, Bingley</subfield>
    <subfield code="9">F:501</subfield>
    <subfield code="M">49HBZ_UBD</subfield>
  </datafield>
  <datafield tag="980" ind1="1" ind2=" ">
    <subfield code="e">HBZ</subfield>
    <subfield code="9">LOCAL</subfield>
    <subfield code="M">49HBZ_UBD</subfield>
  </datafield>
  <datafield tag="981" ind1=" " ind2=" ">
    <subfield code="a">(DE-290)1734177</subfield>
    <subfield code="9">LOCAL</subfield>
    <subfield code="M">49HBZ_UBD</subfield>
  </datafield>
  <datafield tag="997" ind1=" " ind2=" ">
    <subfield code="a">20191009</subfield>
    <subfield code="9">LOCAL</subfield>
    <subfield code="M">49HBZ_UBD</subfield>
  </datafield>
  <datafield tag="MBD" ind1=" " ind2=" ">
    <subfield code="M">49HBZ_SIE</subfield>
    <subfield code="i">990195668690106462</subfield>
    <subfield code="n">Universit&#xE4;t Siegen</subfield>
  </datafield>
  <datafield tag="340" ind1=" " ind2=" ">
    <subfield code="a">Online-Ressource</subfield>
    <subfield code="9">F:652a</subfield>
    <subfield code="M">49HBZ_SIE</subfield>
  </datafield>
  <datafield tag="500" ind1=" " ind2=" ">
    <subfield code="a">Sp&#xE4;ter erschienen bei Emerald, Bingley</subfield>
    <subfield code="9">F:501</subfield>
    <subfield code="M">49HBZ_SIE</subfield>
  </datafield>
  <datafield tag="MNG" ind1=" " ind2=" ">
    <subfield code="c">System</subfield>
    <subfield code="f">ILS</subfield>
    <subfield code="i">marc21</subfield>
    <subfield code="k">01</subfield>
    <subfield code="e">false</subfield>
    <subfield code="d">2022-02-04 04:25:59 Europe/Berlin</subfield>
    <subfield code="g">019961128-HBZ01</subfield>
    <subfield code="j">60</subfield>
    <subfield code="a">import</subfield>
    <subfield code="b">2021-04-06 01:56:07 Europe/Berlin</subfield>
  </datafield>
  <datafield tag="POR" ind1=" " ind2=" ">
    <subfield code="x">System</subfield>
    <subfield code="a">53155629910006447</subfield>
    <subfield code="M">49HBZ_WUP</subfield>
    <subfield code="y">2021-04-07 11:23:51 Europe/Berlin</subfield>
    <subfield code="w">2021-04-07 11:23:45 Europe/Berlin</subfield>
    <subfield code="D">https://eu04.alma.exlibrisgroup.com/view/uresolver/49HBZ_NETWORK/openurl?u.ignore_date_coverage=true&amp;portfolio_pid=53155629910006447&amp;Force_direct=true</subfield>
    <subfield code="v">P2E_JOB</subfield>
    <subfield code="i">false</subfield>
    <subfield code="g">W0001</subfield>
    <subfield code="S">52155629920006447</subfield>
    <subfield code="d">https://hbz-network.userservices.exlibrisgroup.com/view/uresolver/49HBZ_NETWORK/openurl?u.ignore_date_coverage=true&amp;rft.mms_id=990013137900206447</subfield>
    <subfield code="b">Not Available</subfield>
    <subfield code="f">DOCUMENT</subfield>
    <subfield code="8">53155629910006447</subfield>
  </datafield>
  <datafield tag="POR" ind1=" " ind2=" ">
    <subfield code="x">System</subfield>
    <subfield code="a">5395562650006462</subfield>
    <subfield code="M">49HBZ_SIE</subfield>
    <subfield code="y">2022-07-11 16:46:49 Europe/Berlin</subfield>
    <subfield code="w">2022-07-11 16:46:44 Europe/Berlin</subfield>
    <subfield code="D">https://eu04.alma.exlibrisgroup.com/view/uresolver/49HBZ_NETWORK/openurl?u.ignore_date_coverage=true&amp;portfolio_pid=5395562650006462&amp;Force_direct=true</subfield>
    <subfield code="v">P2E_JOB</subfield>
    <subfield code="i">false</subfield>
    <subfield code="g">S0001</subfield>
    <subfield code="S">5295542690006462</subfield>
    <subfield code="d">https://hbz-network.userservices.exlibrisgroup.com/view/uresolver/49HBZ_NETWORK/openurl?u.ignore_date_coverage=true&amp;rft.mms_id=990195668690106462</subfield>
    <subfield code="b">Not Available</subfield>
    <subfield code="f">DOCUMENT</subfield>
    <subfield code="8">5395562650006462</subfield>
  </datafield>
</record>