
<record>
  <leader>00832nam#a2200253#cb4500</leader>
  <controlfield tag="005">20210409120619.0</controlfield>
  <controlfield tag="007">tu</controlfield>
  <controlfield tag="008">150417|1961####xx############|||#|#ger#c</controlfield>
  <controlfield tag="003">DE-605</controlfield>
  <controlfield tag="001">990207668220206441</controlfield>
  <datafield tag="016" ind1="7" ind2=" ">
    <subfield code="a">248278735</subfield>
    <subfield code="2">OCoLC</subfield>
  </datafield>
  <datafield tag="035" ind1=" " ind2=" ">
    <subfield code="a">(DE-605)TT003280170</subfield>
  </datafield>
  <datafield tag="040" ind1=" " ind2=" ">
    <subfield code="a">82/Inst</subfield>
    <subfield code="b">ger</subfield>
    <subfield code="c">82/Inst</subfield>
    <subfield code="e">rakwb</subfield>
  </datafield>
  <datafield tag="041" ind1=" " ind2=" ">
    <subfield code="a">ger</subfield>
  </datafield>
  <datafield tag="245" ind1="0" ind2="0">
    <subfield code="a">Festschrift zum 60. Geburtstag von Professor Dr. Ing. habil. Franz P&#xF6;pel am 4. Oktober 1961</subfield>
  </datafield>
  <datafield tag="264" ind1=" " ind2="1">
    <subfield code="a">M&#xFC;nchen</subfield>
    <subfield code="b">Kommissionsverl. R. Oldenbourg</subfield>
    <subfield code="c">1961</subfield>
  </datafield>
  <datafield tag="300" ind1=" " ind2=" ">
    <subfield code="a">171 S.</subfield>
  </datafield>
  <datafield tag="490" ind1="1" ind2=" ">
    <subfield code="a">Stuttgarter Berichte zur Siedlungswasserwirtschaft</subfield>
    <subfield code="v">3</subfield>
  </datafield>
  <datafield tag="688" ind1=" " ind2=" ">
    <subfield code="a">Bericht</subfield>
  </datafield>
  <datafield tag="830" ind1=" " ind2="0">
    <subfield code="a">Stuttgarter Berichte zur Siedlungswasserwirtschaft</subfield>
    <subfield code="w">(DE-605)HT001245500</subfield>
    <subfield code="v">3</subfield>
    <subfield code="9">O:1</subfield>
  </datafield>
  <datafield tag="964" ind1="0" ind2="s">
    <subfield code="F">030</subfield>
    <subfield code="A">a|1uc||||||37</subfield>
  </datafield>
  <datafield tag="964" ind1="0" ind2="s">
    <subfield code="F">050</subfield>
    <subfield code="A">a|||||||||||||</subfield>
  </datafield>
  <datafield tag="964" ind1="0" ind2="s">
    <subfield code="F">051</subfield>
    <subfield code="A">s|||||||</subfield>
  </datafield>
  <datafield tag="035" ind1=" " ind2=" ">
    <subfield code="a">(OCoLC)248278735</subfield>
    <subfield code="0">(uri) http://www.worldcat.org/oclc/248278735</subfield>
  </datafield>
  <datafield tag="MBD" ind1=" " ind2=" ">
    <subfield code="M">49HBZ_NETWORK</subfield>
    <subfield code="i">990207668220206441</subfield>
    <subfield code="n">HBZ Network</subfield>
  </datafield>
  <datafield tag="MBD" ind1=" " ind2=" ">
    <subfield code="M">49HBZ_UBA</subfield>
    <subfield code="i">991018157289706448</subfield>
    <subfield code="n">RWTH Aachen</subfield>
  </datafield>
  <datafield tag="830" ind1=" " ind2="0">
    <subfield code="a">Stuttgarter Berichte zur Siedlungswasserwirtschaft</subfield>
    <subfield code="w">(DE-605)HT001245500</subfield>
    <subfield code="v">3</subfield>
    <subfield code="9">O:1</subfield>
    <subfield code="M">49HBZ_UBA</subfield>
  </datafield>
  <datafield tag="980" ind1="1" ind2=" ">
    <subfield code="e">HBZ</subfield>
    <subfield code="9">LOCAL</subfield>
    <subfield code="M">49HBZ_UBA</subfield>
  </datafield>
  <datafield tag="981" ind1=" " ind2=" ">
    <subfield code="a">(DE-82)1956087</subfield>
    <subfield code="9">LOCAL</subfield>
    <subfield code="M">49HBZ_UBA</subfield>
  </datafield>
  <datafield tag="982" ind1=" " ind2=" ">
    <subfield code="a">Bericht</subfield>
    <subfield code="2">unaufgegliedert</subfield>
    <subfield code="9">LOCAL</subfield>
    <subfield code="M">49HBZ_UBA</subfield>
  </datafield>
  <datafield tag="997" ind1=" " ind2=" ">
    <subfield code="a">20150421</subfield>
    <subfield code="b">20150510</subfield>
    <subfield code="9">LOCAL</subfield>
    <subfield code="M">49HBZ_UBA</subfield>
  </datafield>
  <datafield tag="MNG" ind1=" " ind2=" ">
    <subfield code="c">System</subfield>
    <subfield code="f">ILS</subfield>
    <subfield code="i">marc21</subfield>
    <subfield code="k">01</subfield>
    <subfield code="e">false</subfield>
    <subfield code="d">2021-04-09 12:06:19 Europe/Berlin</subfield>
    <subfield code="g">020766822-HBZ01</subfield>
    <subfield code="j">50</subfield>
    <subfield code="a">import</subfield>
    <subfield code="b">2021-04-05 21:39:37 Europe/Berlin</subfield>
  </datafield>
  <datafield tag="H52" ind1="8" ind2=" ">
    <subfield code="b">223</subfield>
    <subfield code="c">0</subfield>
    <subfield code="8">22233358940006448</subfield>
  </datafield>
  <datafield tag="HOL" ind1=" " ind2=" ">
    <subfield code="b">2022-07-20 21:41:56</subfield>
    <subfield code="8">22233358940006448</subfield>
    <subfield code="M">49HBZ_UBA</subfield>
    <subfield code="g">false</subfield>
    <subfield code="a">import</subfield>
  </datafield>
  <datafield tag="ITM" ind1=" " ind2=" ">
    <subfield code="H">22233358940006448</subfield>
    <subfield code="x">0</subfield>
    <subfield code="f">BOOK</subfield>
    <subfield code="v">0</subfield>
    <subfield code="p">Praesenzexemplar</subfield>
    <subfield code="X">System</subfield>
    <subfield code="U">2022-07-20 10:59:00</subfield>
    <subfield code="Y">2022-07-20 21:42:33</subfield>
    <subfield code="h">false</subfield>
    <subfield code="n">223:3 AP 16</subfield>
    <subfield code="G">1</subfield>
    <subfield code="M">49HBZ_UBA</subfield>
    <subfield code="s">1</subfield>
    <subfield code="d">8</subfield>
    <subfield code="V">import</subfield>
    <subfield code="L">Magazinetage: 0</subfield>
    <subfield code="b">223:3 AP 16</subfield>
    <subfield code="O">Ausleihz&#xE4;hler Migrationsjahr: 0 | Ausleihz&#xE4;hler Vor-Migrationsjahr: 0 | Ausleihz&#xE4;hler vorletztes Migrationsjahr: 0 | Vormerkz&#xE4;hler Migrationsjahr: 0 | Buchdaten-Aufnahmedatum: 2015-05-10</subfield>
    <subfield code="N">Fernleihkonditionen: 3</subfield>
    <subfield code="a">23233358930006448</subfield>
    <subfield code="t">8</subfield>
    <subfield code="W">2022-07-20 21:41:56</subfield>
    <subfield code="u">223</subfield>
    <subfield code="w">223</subfield>
  </datafield>
</record>