
<record>
  <leader>01211nas#a2200409#c#4500</leader>
  <controlfield tag="005">20210409115119.0</controlfield>
  <controlfield tag="007">cr#|||||||||||</controlfield>
  <controlfield tag="008">151216m20159999gw##|#m#o#####|####|eng#c</controlfield>
  <controlfield tag="003">DE-605</controlfield>
  <controlfield tag="001">990210093550206441</controlfield>
  <datafield tag="016" ind1="7" ind2=" ">
    <subfield code="a">1075880999</subfield>
    <subfield code="2">OCoLC</subfield>
  </datafield>
  <datafield tag="016" ind1="7" ind2=" ">
    <subfield code="a">1080276114</subfield>
    <subfield code="2">DE-101b</subfield>
  </datafield>
  <datafield tag="016" ind1="7" ind2=" ">
    <subfield code="a">2842926-6</subfield>
    <subfield code="2">DE-600</subfield>
  </datafield>
  <datafield tag="022" ind1=" " ind2=" ">
    <subfield code="a">2366-374X</subfield>
  </datafield>
  <datafield tag="035" ind1=" " ind2=" ">
    <subfield code="a">(DE-605)HT018839495</subfield>
  </datafield>
  <datafield tag="040" ind1=" " ind2=" ">
    <subfield code="a">0008</subfield>
    <subfield code="b">ger</subfield>
    <subfield code="c">DNB</subfield>
    <subfield code="d">0008</subfield>
    <subfield code="e">rda</subfield>
  </datafield>
  <datafield tag="041" ind1=" " ind2=" ">
    <subfield code="a">eng</subfield>
  </datafield>
  <datafield tag="044" ind1=" " ind2=" ">
    <subfield code="c">XA-DE</subfield>
  </datafield>
  <datafield tag="245" ind1="0" ind2="0">
    <subfield code="a">Classics in linguistics</subfield>
  </datafield>
  <datafield tag="264" ind1="3" ind2="1">
    <subfield code="a">Berlin</subfield>
    <subfield code="b">Language Science Press</subfield>
    <subfield code="c">[2015]-</subfield>
    <subfield code="3">[2015]-</subfield>
  </datafield>
  <datafield tag="300" ind1=" " ind2=" ">
    <subfield code="a">Online-Ressource</subfield>
  </datafield>
  <datafield tag="336" ind1=" " ind2=" ">
    <subfield code="b">txt</subfield>
  </datafield>
  <datafield tag="337" ind1=" " ind2=" ">
    <subfield code="b">c</subfield>
  </datafield>
  <datafield tag="338" ind1=" " ind2=" ">
    <subfield code="b">cr</subfield>
  </datafield>
  <datafield tag="362" ind1="0" ind2=" ">
    <subfield code="a">1-</subfield>
  </datafield>
  <datafield tag="363" ind1="0" ind2="1">
    <subfield code="8">1.1\x</subfield>
    <subfield code="a">1</subfield>
    <subfield code="i">2015</subfield>
  </datafield>
  <datafield tag="856" ind1="4" ind2="0">
    <subfield code="u">http://langsci-press.org/catalog/series/classics</subfield>
    <subfield code="x">Verlag</subfield>
  </datafield>
  <datafield tag="964" ind1="0" ind2="s">
    <subfield code="F">030</subfield>
    <subfield code="A">a||dr||||||37</subfield>
  </datafield>
  <datafield tag="964" ind1="0" ind2="s">
    <subfield code="F">050</subfield>
    <subfield code="A">||||||||g|||||</subfield>
  </datafield>
  <datafield tag="964" ind1="0" ind2="s">
    <subfield code="F">052</subfield>
    <subfield code="A">r||||||a|||||||</subfield>
  </datafield>
  <datafield tag="964" ind1="0" ind2="s">
    <subfield code="F">058</subfield>
    <subfield code="A">cr||||||||||||</subfield>
  </datafield>
  <datafield tag="035" ind1=" " ind2=" ">
    <subfield code="a">(OCoLC)1075880999</subfield>
    <subfield code="0">(uri) http://www.worldcat.org/oclc/1075880999</subfield>
  </datafield>
  <datafield tag="035" ind1=" " ind2=" ">
    <subfield code="a">(DE-600)2842926-6</subfield>
  </datafield>
  <datafield tag="035" ind1=" " ind2=" ">
    <subfield code="a">(DE-599)ZDB2842926-6</subfield>
  </datafield>
  <datafield tag="776" ind1="0" ind2="8">
    <subfield code="i">Erscheint auch als</subfield>
    <subfield code="n">Druck-Ausgabe</subfield>
    <subfield code="t">Classics in linguistics</subfield>
    <subfield code="w">(DE-605)HT018888712</subfield>
  </datafield>
  <datafield tag="655" ind1=" " ind2="7">
    <subfield code="a">Monografische Reihe</subfield>
    <subfield code="0">(DE-588)4179998-7</subfield>
    <subfield code="2">gnd-content</subfield>
  </datafield>
  <datafield tag="500" ind1=" " ind2=" ">
    <subfield code="a">Gesehen am 16.12.2015</subfield>
    <subfield code="9">F:501</subfield>
  </datafield>
  <datafield tag="MBD" ind1=" " ind2=" ">
    <subfield code="M">49HBZ_NETWORK</subfield>
    <subfield code="i">990210093550206441</subfield>
    <subfield code="n">HBZ Network</subfield>
  </datafield>
  <datafield tag="MBD" ind1=" " ind2=" ">
    <subfield code="M">49HBZ_HBI</subfield>
    <subfield code="i">991002429379706450</subfield>
    <subfield code="n">Hochschule Bielefeld</subfield>
  </datafield>
  <datafield tag="500" ind1=" " ind2=" ">
    <subfield code="a">Gesehen am 16.12.2015</subfield>
    <subfield code="9">F:501</subfield>
    <subfield code="M">49HBZ_HBI</subfield>
  </datafield>
  <datafield tag="980" ind1="1" ind2=" ">
    <subfield code="e">HBZ</subfield>
    <subfield code="9">LOCAL</subfield>
    <subfield code="M">49HBZ_HBI</subfield>
  </datafield>
  <datafield tag="981" ind1=" " ind2=" ">
    <subfield code="a">(DE-Bi10)422180</subfield>
    <subfield code="9">LOCAL</subfield>
    <subfield code="M">49HBZ_HBI</subfield>
  </datafield>
  <datafield tag="997" ind1=" " ind2=" ">
    <subfield code="a">20151216</subfield>
    <subfield code="9">LOCAL</subfield>
    <subfield code="M">49HBZ_HBI</subfield>
  </datafield>
  <datafield tag="MBD" ind1=" " ind2=" ">
    <subfield code="M">49HBZ_HSD</subfield>
    <subfield code="i">991004126629706455</subfield>
    <subfield code="n">Hochschule Duesseldorf</subfield>
  </datafield>
  <datafield tag="500" ind1=" " ind2=" ">
    <subfield code="a">Gesehen am 16.12.2015</subfield>
    <subfield code="9">F:501</subfield>
    <subfield code="M">49HBZ_HSD</subfield>
  </datafield>
  <datafield tag="981" ind1=" " ind2=" ">
    <subfield code="a">372485</subfield>
    <subfield code="9">LOCAL</subfield>
    <subfield code="M">49HBZ_HSD</subfield>
  </datafield>
  <datafield tag="987" ind1="1" ind2=" ">
    <subfield code="a">em</subfield>
    <subfield code="9">LOCAL</subfield>
    <subfield code="M">49HBZ_HSD</subfield>
  </datafield>
  <datafield tag="997" ind1=" " ind2=" ">
    <subfield code="a">20201102</subfield>
    <subfield code="9">LOCAL</subfield>
    <subfield code="M">49HBZ_HSD</subfield>
  </datafield>
  <datafield tag="MBD" ind1=" " ind2=" ">
    <subfield code="M">49HBZ_RTU</subfield>
    <subfield code="i">990010081250507476</subfield>
    <subfield code="n">Rheinisch Technische Universit&#xE4;t</subfield>
  </datafield>
  <datafield tag="500" ind1=" " ind2=" ">
    <subfield code="a">Gesehen am 16.12.2015</subfield>
    <subfield code="9">F:501</subfield>
    <subfield code="M">49HBZ_RTU</subfield>
  </datafield>
  <datafield tag="981" ind1=" " ind2=" ">
    <subfield code="a">001008125</subfield>
    <subfield code="9">LOCAL</subfield>
    <subfield code="M">49HBZ_RTU</subfield>
  </datafield>
  <datafield tag="MBD" ind1=" " ind2=" ">
    <subfield code="M">49HBZ_ULM</subfield>
    <subfield code="i">991015595899706449</subfield>
    <subfield code="n">Universitat Munster</subfield>
  </datafield>
  <datafield tag="500" ind1=" " ind2=" ">
    <subfield code="a">Gesehen am 16.12.2015</subfield>
    <subfield code="9">F:501</subfield>
    <subfield code="M">49HBZ_ULM</subfield>
  </datafield>
  <datafield tag="980" ind1="1" ind2="2">
    <subfield code="e">HBZ</subfield>
    <subfield code="9">LOCAL</subfield>
    <subfield code="M">49HBZ_ULM</subfield>
  </datafield>
  <datafield tag="981" ind1=" " ind2=" ">
    <subfield code="a">(DE-6)5572082</subfield>
    <subfield code="9">LOCAL</subfield>
    <subfield code="M">49HBZ_ULM</subfield>
  </datafield>
  <datafield tag="MBD" ind1=" " ind2=" ">
    <subfield code="M">49HBZ_PAD</subfield>
    <subfield code="i">990018348930106463</subfield>
    <subfield code="n">Universitat Paderborn</subfield>
  </datafield>
  <datafield tag="500" ind1=" " ind2=" ">
    <subfield code="a">Gesehen am 16.12.2015</subfield>
    <subfield code="9">F:501</subfield>
    <subfield code="M">49HBZ_PAD</subfield>
  </datafield>
  <datafield tag="981" ind1=" " ind2=" ">
    <subfield code="a">001834893</subfield>
    <subfield code="l">doclib</subfield>
    <subfield code="9">LOCAL</subfield>
    <subfield code="M">49HBZ_PAD</subfield>
  </datafield>
  <datafield tag="MBD" ind1=" " ind2=" ">
    <subfield code="M">49HBZ_UDE</subfield>
    <subfield code="i">990184689370206446</subfield>
    <subfield code="n">Universit&#xE4;t Duisburg-Essen</subfield>
  </datafield>
  <datafield tag="500" ind1=" " ind2=" ">
    <subfield code="a">Gesehen am 16.12.2015</subfield>
    <subfield code="9">F:501</subfield>
    <subfield code="M">49HBZ_UDE</subfield>
  </datafield>
  <datafield tag="MBD" ind1=" " ind2=" ">
    <subfield code="M">49HBZ_WHS</subfield>
    <subfield code="i">991003351479706456</subfield>
    <subfield code="n">Westfalische Hochschule</subfield>
  </datafield>
  <datafield tag="500" ind1=" " ind2=" ">
    <subfield code="a">Gesehen am 16.12.2015</subfield>
    <subfield code="9">F:501</subfield>
    <subfield code="M">49HBZ_WHS</subfield>
  </datafield>
  <datafield tag="981" ind1=" " ind2=" ">
    <subfield code="a">296851</subfield>
    <subfield code="9">LOCAL</subfield>
    <subfield code="M">49HBZ_WHS</subfield>
  </datafield>
  <datafield tag="987" ind1="1" ind2=" ">
    <subfield code="a">www</subfield>
    <subfield code="9">LOCAL</subfield>
    <subfield code="M">49HBZ_WHS</subfield>
  </datafield>
  <datafield tag="997" ind1=" " ind2=" ">
    <subfield code="a">20201102</subfield>
    <subfield code="9">LOCAL</subfield>
    <subfield code="M">49HBZ_WHS</subfield>
  </datafield>
  <datafield tag="MNG" ind1=" " ind2=" ">
    <subfield code="c">System</subfield>
    <subfield code="f">ILS</subfield>
    <subfield code="i">marc21</subfield>
    <subfield code="k">01</subfield>
    <subfield code="e">false</subfield>
    <subfield code="d">2021-11-18 16:53:36 Europe/Berlin</subfield>
    <subfield code="g">021009355-HBZ01</subfield>
    <subfield code="j">90</subfield>
    <subfield code="a">import</subfield>
    <subfield code="b">2021-04-05 20:32:15 Europe/Berlin</subfield>
  </datafield>
  <datafield tag="POR" ind1=" " ind2=" ">
    <subfield code="x">System</subfield>
    <subfield code="a">5322365740006450</subfield>
    <subfield code="M">49HBZ_HBI</subfield>
    <subfield code="c">static</subfield>
    <subfield code="y">2022-07-17 14:56:31 Europe/Berlin</subfield>
    <subfield code="w">2022-07-17 14:56:27 Europe/Berlin</subfield>
    <subfield code="D">https://eu04.alma.exlibrisgroup.com/view/uresolver/49HBZ_NETWORK/openurl?u.ignore_date_coverage=true&amp;portfolio_pid=5322365740006450&amp;Force_direct=true</subfield>
    <subfield code="v">P2E_JOB</subfield>
    <subfield code="z">2022-07-17 12:56:27</subfield>
    <subfield code="i">false</subfield>
    <subfield code="S">5222365760006450</subfield>
    <subfield code="d">https://hbz-network.userservices.exlibrisgroup.com/view/uresolver/49HBZ_NETWORK/openurl?u.ignore_date_coverage=true&amp;rft.mms_id=991002429379706450</subfield>
    <subfield code="b">Available</subfield>
    <subfield code="f">BOOK</subfield>
    <subfield code="e">http://langsci-press.org/catalog/series/classics</subfield>
    <subfield code="8">5322365740006450</subfield>
  </datafield>
  <datafield tag="POR" ind1=" " ind2=" ">
    <subfield code="x">System</subfield>
    <subfield code="a">5336568560006455</subfield>
    <subfield code="h">EZProxy</subfield>
    <subfield code="M">49HBZ_HSD</subfield>
    <subfield code="c">static</subfield>
    <subfield code="y">2022-08-09 12:24:33 Europe/Berlin</subfield>
    <subfield code="w">2022-08-09 12:24:27 Europe/Berlin</subfield>
    <subfield code="D">https://eu04.alma.exlibrisgroup.com/view/uresolver/49HBZ_NETWORK/openurl?u.ignore_date_coverage=true&amp;portfolio_pid=5336568560006455&amp;Force_direct=true</subfield>
    <subfield code="v">P2E_JOB</subfield>
    <subfield code="z">2022-08-09 10:24:27</subfield>
    <subfield code="i">true</subfield>
    <subfield code="S">5236568570006455</subfield>
    <subfield code="d">https://hbz-network.userservices.exlibrisgroup.com/view/uresolver/49HBZ_NETWORK/openurl?u.ignore_date_coverage=true&amp;rft.mms_id=991004126629706455</subfield>
    <subfield code="b">Available</subfield>
    <subfield code="f">JOURNAL</subfield>
    <subfield code="e">http://langsci-press.org/catalog/series/classics</subfield>
    <subfield code="8">5336568560006455</subfield>
  </datafield>
  <datafield tag="POR" ind1=" " ind2=" ">
    <subfield code="x">System</subfield>
    <subfield code="a">53108868480007476</subfield>
    <subfield code="M">49HBZ_RTU</subfield>
    <subfield code="c">static</subfield>
    <subfield code="y">2022-07-13 10:21:58 Europe/Berlin</subfield>
    <subfield code="w">2022-07-13 10:21:51 Europe/Berlin</subfield>
    <subfield code="D">https://eu04.alma.exlibrisgroup.com/view/uresolver/49HBZ_NETWORK/openurl?u.ignore_date_coverage=true&amp;portfolio_pid=53108868480007476&amp;Force_direct=true</subfield>
    <subfield code="v">P2E_JOB</subfield>
    <subfield code="z">2022-07-13 08:21:51</subfield>
    <subfield code="i">false</subfield>
    <subfield code="S">52108868490007476</subfield>
    <subfield code="d">https://hbz-network.userservices.exlibrisgroup.com/view/uresolver/49HBZ_NETWORK/openurl?u.ignore_date_coverage=true&amp;rft.mms_id=990010081250507476</subfield>
    <subfield code="b">Available</subfield>
    <subfield code="f">JOURNAL</subfield>
    <subfield code="e">http://langsci-press.org/catalog/series/classics</subfield>
    <subfield code="8">53108868480007476</subfield>
  </datafield>
  <datafield tag="POR" ind1=" " ind2=" ">
    <subfield code="x">System</subfield>
    <subfield code="a">53625317550006449</subfield>
    <subfield code="M">49HBZ_ULM</subfield>
    <subfield code="c">static</subfield>
    <subfield code="y">2022-07-19 16:06:47 Europe/Berlin</subfield>
    <subfield code="w">2022-07-19 16:06:44 Europe/Berlin</subfield>
    <subfield code="D">https://eu04.alma.exlibrisgroup.com/view/uresolver/49HBZ_NETWORK/openurl?u.ignore_date_coverage=true&amp;portfolio_pid=53625317550006449&amp;Force_direct=true</subfield>
    <subfield code="v">P2E_JOB</subfield>
    <subfield code="z">2022-07-19 14:06:44</subfield>
    <subfield code="i">false</subfield>
    <subfield code="S">52625317560006449</subfield>
    <subfield code="d">https://hbz-network.userservices.exlibrisgroup.com/view/uresolver/49HBZ_NETWORK/openurl?u.ignore_date_coverage=true&amp;rft.mms_id=991015595899706449</subfield>
    <subfield code="b">Available</subfield>
    <subfield code="f">BOOK</subfield>
    <subfield code="e">http://langsci-press.org/catalog/series/classics</subfield>
    <subfield code="8">53625317550006449</subfield>
  </datafield>
  <datafield tag="POR" ind1=" " ind2=" ">
    <subfield code="x">System</subfield>
    <subfield code="a">53164238820006463</subfield>
    <subfield code="M">49HBZ_PAD</subfield>
    <subfield code="c">static</subfield>
    <subfield code="y">2022-07-18 10:02:12 Europe/Berlin</subfield>
    <subfield code="w">2022-07-18 10:02:06 Europe/Berlin</subfield>
    <subfield code="D">https://eu04.alma.exlibrisgroup.com/view/uresolver/49HBZ_NETWORK/openurl?u.ignore_date_coverage=true&amp;portfolio_pid=53164238820006463&amp;Force_direct=true</subfield>
    <subfield code="v">P2E_JOB</subfield>
    <subfield code="z">2022-07-18 08:02:06</subfield>
    <subfield code="i">false</subfield>
    <subfield code="S">52164238830006463</subfield>
    <subfield code="d">https://hbz-network.userservices.exlibrisgroup.com/view/uresolver/49HBZ_NETWORK/openurl?u.ignore_date_coverage=true&amp;rft.mms_id=990018348930106463</subfield>
    <subfield code="b">Available</subfield>
    <subfield code="f">JOURNAL</subfield>
    <subfield code="e">http://langsci-press.org/catalog/series/classics</subfield>
    <subfield code="8">53164238820006463</subfield>
  </datafield>
  <datafield tag="POR" ind1=" " ind2=" ">
    <subfield code="x">System</subfield>
    <subfield code="a">53428417070006446</subfield>
    <subfield code="M">49HBZ_UDE</subfield>
    <subfield code="c">static</subfield>
    <subfield code="y">2021-04-16 13:22:32 Europe/Berlin</subfield>
    <subfield code="w">2021-04-16 13:22:29 Europe/Berlin</subfield>
    <subfield code="D">https://eu04.alma.exlibrisgroup.com/view/uresolver/49HBZ_NETWORK/openurl?u.ignore_date_coverage=true&amp;portfolio_pid=53428417070006446&amp;Force_direct=true</subfield>
    <subfield code="v">P2E_JOB</subfield>
    <subfield code="z">2021-04-16 11:22:29</subfield>
    <subfield code="i">false</subfield>
    <subfield code="S">52428417080006446</subfield>
    <subfield code="d">https://hbz-network.userservices.exlibrisgroup.com/view/uresolver/49HBZ_NETWORK/openurl?u.ignore_date_coverage=true&amp;rft.mms_id=990184689370206446</subfield>
    <subfield code="b">Available</subfield>
    <subfield code="f">JOURNAL</subfield>
    <subfield code="e">http://langsci-press.org/catalog/series/classics</subfield>
    <subfield code="8">53428417070006446</subfield>
  </datafield>
  <datafield tag="POR" ind1=" " ind2=" ">
    <subfield code="x">System</subfield>
    <subfield code="a">5316850710006456</subfield>
    <subfield code="M">49HBZ_WHS</subfield>
    <subfield code="c">static</subfield>
    <subfield code="y">2022-07-13 12:37:57 Europe/Berlin</subfield>
    <subfield code="w">2022-07-13 12:37:51 Europe/Berlin</subfield>
    <subfield code="D">https://eu04.alma.exlibrisgroup.com/view/uresolver/49HBZ_NETWORK/openurl?u.ignore_date_coverage=true&amp;portfolio_pid=5316850710006456&amp;Force_direct=true</subfield>
    <subfield code="v">P2E_JOB</subfield>
    <subfield code="z">2022-07-13 10:37:51</subfield>
    <subfield code="i">false</subfield>
    <subfield code="S">5216850720006456</subfield>
    <subfield code="d">https://hbz-network.userservices.exlibrisgroup.com/view/uresolver/49HBZ_NETWORK/openurl?u.ignore_date_coverage=true&amp;rft.mms_id=991003351479706456</subfield>
    <subfield code="b">Available</subfield>
    <subfield code="f">JOURNAL</subfield>
    <subfield code="e">http://langsci-press.org/catalog/series/classics</subfield>
    <subfield code="8">5316850710006456</subfield>
  </datafield>
</record>