
<record>
  <leader>01293naa#a2200373#c#4500</leader>
  <controlfield tag="005">20210409120517.0</controlfield>
  <controlfield tag="007">tu</controlfield>
  <controlfield tag="008">160119|2015####gw############|||#||ger#c</controlfield>
  <controlfield tag="003">DE-605</controlfield>
  <controlfield tag="001">990210312460206441</controlfield>
  <datafield tag="016" ind1="7" ind2=" ">
    <subfield code="a">1073741229</subfield>
    <subfield code="2">OCoLC</subfield>
  </datafield>
  <datafield tag="035" ind1=" " ind2=" ">
    <subfield code="a">(DE-605)HT018860300</subfield>
  </datafield>
  <datafield tag="040" ind1=" " ind2=" ">
    <subfield code="a">Bm 3</subfield>
    <subfield code="b">ger</subfield>
    <subfield code="d">61</subfield>
    <subfield code="e">rda</subfield>
  </datafield>
  <datafield tag="041" ind1=" " ind2=" ">
    <subfield code="a">ger</subfield>
  </datafield>
  <datafield tag="044" ind1=" " ind2=" ">
    <subfield code="c">XA-DE</subfield>
  </datafield>
  <datafield tag="084" ind1=" " ind2=" ">
    <subfield code="a">M&#xFC;lheim an der Ruhr</subfield>
    <subfield code="0">https://nwbib.de/spatial#Q2899</subfield>
    <subfield code="2">nwbib</subfield>
    <subfield code="0">(uri) https://portal.dnb.de/opac.htm?method=simpleSearch&amp;cqlMode=true&amp;query=idn=040404757</subfield>
    <subfield code="0">(uri) http://viaf.org/viaf/sourceID/DNB|040404757</subfield>
  </datafield>
  <datafield tag="084" ind1=" " ind2=" ">
    <subfield code="a">Pfarrer. Geistliche</subfield>
    <subfield code="0">https://nwbib.de/subjects#N613050</subfield>
    <subfield code="2">nwbib</subfield>
  </datafield>
  <datafield tag="100" ind1="1" ind2=" ">
    <subfield code="a">Hohensee, Heinz</subfield>
    <subfield code="d">1941-2017</subfield>
    <subfield code="0">(DE-588)1025333764</subfield>
    <subfield code="4">aut</subfield>
    <subfield code="0">(uri) https://portal.dnb.de/opac.htm?method=simpleSearch&amp;cqlMode=true&amp;query=idn=1025333764</subfield>
    <subfield code="0">(uri) http://viaf.org/viaf/sourceID/DNB|1025333764</subfield>
  </datafield>
  <datafield tag="245" ind1="1" ind2="0">
    <subfield code="a">Gerhard Tersteegen in M&#xFC;lheim</subfield>
    <subfield code="c">Heinz Hohensee</subfield>
  </datafield>
  <datafield tag="264" ind1=" " ind2="1">
    <subfield code="c">2015</subfield>
  </datafield>
  <datafield tag="300" ind1=" " ind2=" ">
    <subfield code="b">Illustrationen</subfield>
  </datafield>
  <datafield tag="336" ind1=" " ind2=" ">
    <subfield code="b">txt</subfield>
  </datafield>
  <datafield tag="337" ind1=" " ind2=" ">
    <subfield code="b">n</subfield>
  </datafield>
  <datafield tag="338" ind1=" " ind2=" ">
    <subfield code="b">nc</subfield>
  </datafield>
  <datafield tag="689" ind1="0" ind2="0">
    <subfield code="a">M&#xFC;lheim an der Ruhr</subfield>
    <subfield code="D">g</subfield>
    <subfield code="0">(DE-588)4040475-4</subfield>
    <subfield code="0">(uri) https://portal.dnb.de/opac.htm?method=simpleSearch&amp;cqlMode=true&amp;query=idn=040404757</subfield>
    <subfield code="0">(uri) http://viaf.org/viaf/sourceID/DNB|040404757</subfield>
  </datafield>
  <datafield tag="689" ind1="0" ind2="1">
    <subfield code="a">Tersteegen, Gerhard</subfield>
    <subfield code="d">1697-1769</subfield>
    <subfield code="D">p</subfield>
    <subfield code="0">(DE-588)118621378</subfield>
    <subfield code="0">(uri) https://portal.dnb.de/opac.htm?method=simpleSearch&amp;cqlMode=true&amp;query=idn=118621378</subfield>
    <subfield code="0">(uri) http://viaf.org/viaf/sourceID/DNB|118621378</subfield>
  </datafield>
  <datafield tag="773" ind1="0" ind2="8">
    <subfield code="i">Enthalten in</subfield>
    <subfield code="t">Zeitschrift des Geschichtsvereins M&#xFC;lheim a. d. Ruhr</subfield>
    <subfield code="d">M&#xFC;lheim an der Ruhr, 2015</subfield>
    <subfield code="g">Heft 89 (2015), Seite 9-73</subfield>
    <subfield code="w">(DE-605)HT003264538</subfield>
  </datafield>
  <datafield tag="960" ind1="1" ind2=" ">
    <subfield code="n">NWBib-61</subfield>
  </datafield>
  <datafield tag="964" ind1="0" ind2="s">
    <subfield code="F">030</subfield>
    <subfield code="A">a|zur||||||17</subfield>
  </datafield>
  <datafield tag="964" ind1="0" ind2="s">
    <subfield code="F">050</subfield>
    <subfield code="A">a|||||||||||||</subfield>
  </datafield>
  <datafield tag="964" ind1="0" ind2="s">
    <subfield code="F">051</subfield>
    <subfield code="A">ath|||||</subfield>
  </datafield>
  <datafield tag="035" ind1=" " ind2=" ">
    <subfield code="a">(OCoLC)1073741229</subfield>
    <subfield code="0">(uri) http://www.worldcat.org/oclc/1073741229</subfield>
  </datafield>
  <datafield tag="035" ind1=" " ind2=" ">
    <subfield code="a">(DE-599)HBZHT018860300</subfield>
  </datafield>
  <datafield tag="655" ind1=" " ind2="7">
    <subfield code="a">Bibliografie</subfield>
    <subfield code="0">(DE-588)4006432-3</subfield>
    <subfield code="2">gnd-content</subfield>
  </datafield>
  <datafield tag="MBD" ind1=" " ind2=" ">
    <subfield code="M">49HBZ_NETWORK</subfield>
    <subfield code="i">990210312460206441</subfield>
    <subfield code="n">HBZ Network</subfield>
  </datafield>
  <datafield tag="MNG" ind1=" " ind2=" ">
    <subfield code="c">System</subfield>
    <subfield code="f">ILS</subfield>
    <subfield code="i">marc21</subfield>
    <subfield code="k">01</subfield>
    <subfield code="e">false</subfield>
    <subfield code="d">2022-10-08 04:09:46 Europe/Berlin</subfield>
    <subfield code="g">021031246-HBZ01</subfield>
    <subfield code="j">60</subfield>
    <subfield code="a">import</subfield>
    <subfield code="b">2021-04-05 20:25:54 Europe/Berlin</subfield>
  </datafield>
</record>