
<record>
  <leader>02319nam#a2200649#c#4500</leader>
  <controlfield tag="005">20210409162614.0</controlfield>
  <controlfield tag="007">tu</controlfield>
  <controlfield tag="008">180322|2018####gw############|||#|#ger#c</controlfield>
  <controlfield tag="003">DE-605</controlfield>
  <controlfield tag="001">990223521400206441</controlfield>
  <datafield tag="015" ind1=" " ind2=" ">
    <subfield code="a">18,N10</subfield>
    <subfield code="2">dnb</subfield>
  </datafield>
  <datafield tag="016" ind1="7" ind2=" ">
    <subfield code="a">1028021052</subfield>
    <subfield code="2">OCoLC</subfield>
  </datafield>
  <datafield tag="016" ind1="7" ind2=" ">
    <subfield code="a">1153355973</subfield>
    <subfield code="2">DE-101b</subfield>
  </datafield>
  <datafield tag="020" ind1=" " ind2=" ">
    <subfield code="a">9783836263702</subfield>
    <subfield code="c">EUR 29.90 (DE), EUR 30.80 (AT), CHF 38.90 (freier Preis)</subfield>
    <subfield code="9">978-3-8362-6370-2</subfield>
    <subfield code="0">(uri) http://www.isbnsearch.org/isbn/9783836263702</subfield>
  </datafield>
  <datafield tag="020" ind1=" " ind2=" ">
    <subfield code="a">383626370X</subfield>
    <subfield code="9">3-8362-6370-X</subfield>
    <subfield code="0">(uri) http://www.isbnsearch.org/isbn/383626370X</subfield>
  </datafield>
  <datafield tag="024" ind1="3" ind2=" ">
    <subfield code="a">9783836263702</subfield>
    <subfield code="0">(uri) http://www.isbnsearch.org/isbn/9783836263702</subfield>
  </datafield>
  <datafield tag="028" ind1="5" ind2="2">
    <subfield code="a">Bestellnummer: 459/06370</subfield>
  </datafield>
  <datafield tag="035" ind1=" " ind2=" ">
    <subfield code="a">(DE-605)HT019631849</subfield>
  </datafield>
  <datafield tag="040" ind1=" " ind2=" ">
    <subfield code="a">6</subfield>
    <subfield code="b">ger</subfield>
    <subfield code="d">466</subfield>
    <subfield code="e">rda</subfield>
  </datafield>
  <datafield tag="041" ind1=" " ind2=" ">
    <subfield code="a">ger</subfield>
  </datafield>
  <datafield tag="044" ind1=" " ind2=" ">
    <subfield code="c">XA-DE-NW</subfield>
  </datafield>
  <datafield tag="082" ind1="0" ind2=" ">
    <subfield code="a">004</subfield>
    <subfield code="2">23sdnb</subfield>
  </datafield>
  <datafield tag="084" ind1=" " ind2=" ">
    <subfield code="a">004</subfield>
    <subfield code="q">DE-101</subfield>
    <subfield code="2">sdnb</subfield>
  </datafield>
  <datafield tag="100" ind1="1" ind2=" ">
    <subfield code="a">Theis, Thomas</subfield>
    <subfield code="d">1960-</subfield>
    <subfield code="0">(DE-588)13698925X</subfield>
    <subfield code="4">aut</subfield>
    <subfield code="0">(uri) https://portal.dnb.de/opac.htm?method=simpleSearch&amp;cqlMode=true&amp;query=idn=13698925X</subfield>
    <subfield code="0">(uri) http://viaf.org/viaf/sourceID/DNB|13698925X</subfield>
  </datafield>
  <datafield tag="245" ind1="1" ind2="0">
    <subfield code="a">Einstieg in JavaScript</subfield>
    <subfield code="c">Thomas Theis</subfield>
  </datafield>
  <datafield tag="250" ind1=" " ind2=" ">
    <subfield code="a">3., aktualisierte Auflage</subfield>
  </datafield>
  <datafield tag="264" ind1=" " ind2="1">
    <subfield code="a">Bonn</subfield>
    <subfield code="b">Rheinwerk Verlag</subfield>
    <subfield code="c">2018</subfield>
  </datafield>
  <datafield tag="300" ind1=" " ind2=" ">
    <subfield code="a">514 Seiten</subfield>
    <subfield code="b">Illustrationen, Diagramme</subfield>
  </datafield>
  <datafield tag="336" ind1=" " ind2=" ">
    <subfield code="b">txt</subfield>
  </datafield>
  <datafield tag="337" ind1=" " ind2=" ">
    <subfield code="b">n</subfield>
  </datafield>
  <datafield tag="338" ind1=" " ind2=" ">
    <subfield code="b">nc</subfield>
  </datafield>
  <datafield tag="490" ind1="0" ind2=" ">
    <subfield code="a">Rheinwerk computing</subfield>
  </datafield>
  <datafield tag="490" ind1="0" ind2=" ">
    <subfield code="a">Programmierung/JavaScript</subfield>
  </datafield>
  <datafield tag="500" ind1=" " ind2=" ">
    <subfield code="a">Auf dem Cover: Inkl. jQuery; Web-Programmierung leicht gemacht; Dynamische Webanwendungen entwickeln, auch f&#xFC;r mobile Ger&#xE4;te; Programmiergrundlagen, DOM, CSS, HTML5, Ajax, Onsen UI; mit zahlreichen Beispielprogrammen und Projektvorlagen: Alle beispielprojekte zum Donload</subfield>
    <subfield code="9">F:501</subfield>
  </datafield>
  <datafield tag="653" ind1=" " ind2=" ">
    <subfield code="a">jQuery</subfield>
  </datafield>
  <datafield tag="653" ind1=" " ind2=" ">
    <subfield code="a">HTML5</subfield>
  </datafield>
  <datafield tag="653" ind1=" " ind2=" ">
    <subfield code="a">CSS3</subfield>
  </datafield>
  <datafield tag="653" ind1=" " ind2=" ">
    <subfield code="a">Ajax</subfield>
  </datafield>
  <datafield tag="653" ind1=" " ind2=" ">
    <subfield code="a">XML</subfield>
  </datafield>
  <datafield tag="653" ind1=" " ind2=" ">
    <subfield code="a">jQuery mobile</subfield>
  </datafield>
  <datafield tag="653" ind1=" " ind2=" ">
    <subfield code="a">Browserkompatibilit&#xE4;t</subfield>
  </datafield>
  <datafield tag="653" ind1=" " ind2=" ">
    <subfield code="a">JSON</subfield>
  </datafield>
  <datafield tag="653" ind1=" " ind2=" ">
    <subfield code="a">Formulare</subfield>
  </datafield>
  <datafield tag="653" ind1=" " ind2=" ">
    <subfield code="a">iFrames</subfield>
  </datafield>
  <datafield tag="653" ind1=" " ind2=" ">
    <subfield code="a">Web-Apps</subfield>
  </datafield>
  <datafield tag="653" ind1=" " ind2=" ">
    <subfield code="a">JavaScript Frameworks</subfield>
  </datafield>
  <datafield tag="653" ind1=" " ind2=" ">
    <subfield code="a">Responsive Webdesign</subfield>
  </datafield>
  <datafield tag="689" ind1="0" ind2="0">
    <subfield code="a">JavaScript</subfield>
    <subfield code="D">s</subfield>
    <subfield code="0">(DE-588)4420180-1</subfield>
    <subfield code="0">(uri) https://portal.dnb.de/opac.htm?method=simpleSearch&amp;cqlMode=true&amp;query=idn=948336188</subfield>
    <subfield code="0">(uri) http://viaf.org/viaf/sourceID/DNB|948336188</subfield>
  </datafield>
  <datafield tag="710" ind1="2" ind2=" ">
    <subfield code="a">Galileo Press</subfield>
    <subfield code="0">(DE-588)1065964404</subfield>
    <subfield code="4">pbl</subfield>
    <subfield code="0">(uri) https://portal.dnb.de/opac.htm?method=simpleSearch&amp;cqlMode=true&amp;query=idn=1065964404</subfield>
    <subfield code="0">(uri) http://viaf.org/viaf/sourceID/DNB|1065964404</subfield>
  </datafield>
  <datafield tag="856" ind1="4" ind2="2">
    <subfield code="m">X:MVB</subfield>
    <subfield code="q">text/html</subfield>
    <subfield code="u">http://deposit.dnb.de/cgi-bin/dokserv?id=c575d80bb6cd4fbbbe8bf63f61eceae9&amp;prov=M&amp;dok_var=1&amp;dok_ext=htm</subfield>
    <subfield code="3">Inhaltstext</subfield>
  </datafield>
  <datafield tag="856" ind1="4" ind2="2">
    <subfield code="m">B:DE-101</subfield>
    <subfield code="q">application/pdf</subfield>
    <subfield code="u">http://digitale-objekte.hbz-nrw.de/storage2/2018/06/21/file_26/7972761.pdf</subfield>
    <subfield code="3">Inhaltsverzeichnis</subfield>
    <subfield code="9">O:PKN</subfield>
  </datafield>
  <datafield tag="964" ind1="0" ind2="s">
    <subfield code="F">030</subfield>
    <subfield code="A">a||ur||||||17</subfield>
  </datafield>
  <datafield tag="964" ind1="0" ind2="s">
    <subfield code="F">050</subfield>
    <subfield code="A">a|a|||||||||||</subfield>
  </datafield>
  <datafield tag="964" ind1="0" ind2="s">
    <subfield code="F">051</subfield>
    <subfield code="A">m|||||||</subfield>
  </datafield>
  <datafield tag="035" ind1=" " ind2=" ">
    <subfield code="a">(ELiSA)ELiSA-9783836263702</subfield>
  </datafield>
  <datafield tag="035" ind1=" " ind2=" ">
    <subfield code="a">(OCoLC)1028021052</subfield>
    <subfield code="0">(uri) http://www.worldcat.org/oclc/1028021052</subfield>
  </datafield>
  <datafield tag="035" ind1=" " ind2=" ">
    <subfield code="a">(DE-599)DNB1153355973</subfield>
  </datafield>
  <datafield tag="MBD" ind1=" " ind2=" ">
    <subfield code="M">49HBZ_NETWORK</subfield>
    <subfield code="i">990223521400206441</subfield>
    <subfield code="n">HBZ Network</subfield>
  </datafield>
  <datafield tag="MBD" ind1=" " ind2=" ">
    <subfield code="M">49HBZ_WUP</subfield>
    <subfield code="i">990015332390206447</subfield>
    <subfield code="n">Bergische Universit&#xE4;t Wuppertal</subfield>
  </datafield>
  <datafield tag="020" ind1=" " ind2=" ">
    <subfield code="a">9783836263702</subfield>
    <subfield code="c">EUR 29.90 (DE), EUR 30.80 (AT), CHF 38.90 (freier Preis)</subfield>
    <subfield code="9">978-3-8362-6370-2</subfield>
    <subfield code="M">49HBZ_WUP</subfield>
  </datafield>
  <datafield tag="020" ind1=" " ind2=" ">
    <subfield code="a">383626370X</subfield>
    <subfield code="9">3-8362-6370-X</subfield>
    <subfield code="M">49HBZ_WUP</subfield>
  </datafield>
  <datafield tag="500" ind1=" " ind2=" ">
    <subfield code="a">Auf dem Cover: Inkl. jQuery; Web-Programmierung leicht gemacht; Dynamische Webanwendungen entwickeln, auch f&#xFC;r mobile Ger&#xE4;te; Programmiergrundlagen, DOM, CSS, HTML5, Ajax, Onsen UI; mit zahlreichen Beispielprogrammen und Projektvorlagen: Alle beispielprojekte zum Donload</subfield>
    <subfield code="9">F:501</subfield>
    <subfield code="M">49HBZ_WUP</subfield>
  </datafield>
  <datafield tag="856" ind1="4" ind2="2">
    <subfield code="m">B:DE-101</subfield>
    <subfield code="q">application/pdf</subfield>
    <subfield code="u">http://digitale-objekte.hbz-nrw.de/storage2/2018/06/21/file_26/7972761.pdf</subfield>
    <subfield code="3">Inhaltsverzeichnis</subfield>
    <subfield code="9">O:PKN</subfield>
    <subfield code="M">49HBZ_WUP</subfield>
  </datafield>
  <datafield tag="983" ind1=" " ind2=" ">
    <subfield code="b">TYD</subfield>
    <subfield code="9">LOCAL</subfield>
    <subfield code="M">49HBZ_WUP</subfield>
  </datafield>
  <datafield tag="MBD" ind1=" " ind2=" ">
    <subfield code="M">49HBZ_FDO</subfield>
    <subfield code="i">991004422159706451</subfield>
    <subfield code="n">Fachhochschule Dortmund</subfield>
  </datafield>
  <datafield tag="020" ind1=" " ind2=" ">
    <subfield code="a">9783836263702</subfield>
    <subfield code="c">EUR 29.90 (DE), EUR 30.80 (AT), CHF 38.90 (freier Preis)</subfield>
    <subfield code="9">978-3-8362-6370-2</subfield>
    <subfield code="M">49HBZ_FDO</subfield>
  </datafield>
  <datafield tag="020" ind1=" " ind2=" ">
    <subfield code="a">383626370X</subfield>
    <subfield code="9">3-8362-6370-X</subfield>
    <subfield code="M">49HBZ_FDO</subfield>
  </datafield>
  <datafield tag="500" ind1=" " ind2=" ">
    <subfield code="a">Auf dem Cover: Inkl. jQuery; Web-Programmierung leicht gemacht; Dynamische Webanwendungen entwickeln, auch f&#xFC;r mobile Ger&#xE4;te; Programmiergrundlagen, DOM, CSS, HTML5, Ajax, Onsen UI; mit zahlreichen Beispielprogrammen und Projektvorlagen: Alle beispielprojekte zum Donload</subfield>
    <subfield code="9">F:501</subfield>
    <subfield code="M">49HBZ_FDO</subfield>
  </datafield>
  <datafield tag="856" ind1="4" ind2="2">
    <subfield code="m">B:DE-101</subfield>
    <subfield code="q">application/pdf</subfield>
    <subfield code="u">http://digitale-objekte.hbz-nrw.de/storage2/2018/06/21/file_26/7972761.pdf</subfield>
    <subfield code="3">Inhaltsverzeichnis</subfield>
    <subfield code="9">O:PKN</subfield>
    <subfield code="M">49HBZ_FDO</subfield>
  </datafield>
  <datafield tag="980" ind1="1" ind2=" ">
    <subfield code="e">HBZ</subfield>
    <subfield code="9">LOCAL</subfield>
    <subfield code="M">49HBZ_FDO</subfield>
  </datafield>
  <datafield tag="981" ind1=" " ind2=" ">
    <subfield code="a">(Dm13)378098</subfield>
    <subfield code="9">LOCAL</subfield>
    <subfield code="M">49HBZ_FDO</subfield>
  </datafield>
  <datafield tag="992" ind1="1" ind2=" ">
    <subfield code="a">TYD 1608(3)</subfield>
    <subfield code="9">LOCAL</subfield>
    <subfield code="M">49HBZ_FDO</subfield>
  </datafield>
  <datafield tag="995" ind1="1" ind2=" ">
    <subfield code="d">04</subfield>
    <subfield code="9">LOCAL</subfield>
    <subfield code="M">49HBZ_FDO</subfield>
  </datafield>
  <datafield tag="997" ind1=" " ind2=" ">
    <subfield code="a">20180604</subfield>
    <subfield code="9">LOCAL</subfield>
    <subfield code="M">49HBZ_FDO</subfield>
  </datafield>
  <datafield tag="MBD" ind1=" " ind2=" ">
    <subfield code="M">49HBZ_FSW</subfield>
    <subfield code="i">990011676390106461</subfield>
    <subfield code="n">Fachhochschule S&#xFC;dwestfalen</subfield>
  </datafield>
  <datafield tag="020" ind1=" " ind2=" ">
    <subfield code="a">9783836263702</subfield>
    <subfield code="c">EUR 29.90 (DE), EUR 30.80 (AT), CHF 38.90 (freier Preis)</subfield>
    <subfield code="9">978-3-8362-6370-2</subfield>
    <subfield code="M">49HBZ_FSW</subfield>
  </datafield>
  <datafield tag="020" ind1=" " ind2=" ">
    <subfield code="a">383626370X</subfield>
    <subfield code="9">3-8362-6370-X</subfield>
    <subfield code="M">49HBZ_FSW</subfield>
  </datafield>
  <datafield tag="500" ind1=" " ind2=" ">
    <subfield code="a">Auf dem Cover: Inkl. jQuery; Web-Programmierung leicht gemacht; Dynamische Webanwendungen entwickeln, auch f&#xFC;r mobile Ger&#xE4;te; Programmiergrundlagen, DOM, CSS, HTML5, Ajax, Onsen UI; mit zahlreichen Beispielprogrammen und Projektvorlagen: Alle beispielprojekte zum Donload</subfield>
    <subfield code="9">F:501</subfield>
    <subfield code="M">49HBZ_FSW</subfield>
  </datafield>
  <datafield tag="856" ind1="4" ind2="2">
    <subfield code="m">B:DE-101</subfield>
    <subfield code="q">application/pdf</subfield>
    <subfield code="u">http://digitale-objekte.hbz-nrw.de/storage2/2018/06/21/file_26/7972761.pdf</subfield>
    <subfield code="3">Inhaltsverzeichnis</subfield>
    <subfield code="9">O:PKN</subfield>
    <subfield code="M">49HBZ_FSW</subfield>
  </datafield>
  <datafield tag="MBD" ind1=" " ind2=" ">
    <subfield code="M">49HBZ_FHA</subfield>
    <subfield code="i">991004270019706444</subfield>
    <subfield code="n">Hochschulbibliothek der FH Aachen</subfield>
  </datafield>
  <datafield tag="020" ind1=" " ind2=" ">
    <subfield code="a">9783836263702</subfield>
    <subfield code="c">EUR 29.90 (DE), EUR 30.80 (AT), CHF 38.90 (freier Preis)</subfield>
    <subfield code="9">978-3-8362-6370-2</subfield>
    <subfield code="M">49HBZ_FHA</subfield>
  </datafield>
  <datafield tag="020" ind1=" " ind2=" ">
    <subfield code="a">383626370X</subfield>
    <subfield code="9">3-8362-6370-X</subfield>
    <subfield code="M">49HBZ_FHA</subfield>
  </datafield>
  <datafield tag="500" ind1=" " ind2=" ">
    <subfield code="a">Auf dem Cover: Inkl. jQuery; Web-Programmierung leicht gemacht; Dynamische Webanwendungen entwickeln, auch f&#xFC;r mobile Ger&#xE4;te; Programmiergrundlagen, DOM, CSS, HTML5, Ajax, Onsen UI; mit zahlreichen Beispielprogrammen und Projektvorlagen: Alle beispielprojekte zum Donload</subfield>
    <subfield code="9">F:501</subfield>
    <subfield code="M">49HBZ_FHA</subfield>
  </datafield>
  <datafield tag="856" ind1="4" ind2="2">
    <subfield code="m">B:DE-101</subfield>
    <subfield code="q">application/pdf</subfield>
    <subfield code="u">http://digitale-objekte.hbz-nrw.de/storage2/2018/06/21/file_26/7972761.pdf</subfield>
    <subfield code="3">Inhaltsverzeichnis</subfield>
    <subfield code="9">O:PKN</subfield>
    <subfield code="M">49HBZ_FHA</subfield>
  </datafield>
  <datafield tag="980" ind1="1" ind2=" ">
    <subfield code="e">HBZ</subfield>
    <subfield code="9">LOCAL</subfield>
    <subfield code="M">49HBZ_FHA</subfield>
  </datafield>
  <datafield tag="981" ind1=" " ind2=" ">
    <subfield code="a">(A96)801429</subfield>
    <subfield code="9">LOCAL</subfield>
    <subfield code="M">49HBZ_FHA</subfield>
  </datafield>
  <datafield tag="983" ind1=" " ind2=" ">
    <subfield code="b">TYD</subfield>
    <subfield code="9">LOCAL</subfield>
    <subfield code="M">49HBZ_FHA</subfield>
  </datafield>
  <datafield tag="989" ind1=" " ind2=" ">
    <subfield code="a">neu1807</subfield>
    <subfield code="9">LOCAL</subfield>
    <subfield code="M">49HBZ_FHA</subfield>
  </datafield>
  <datafield tag="991" ind1=" " ind2=" ">
    <subfield code="a">hof</subfield>
    <subfield code="9">LOCAL</subfield>
    <subfield code="M">49HBZ_FHA</subfield>
  </datafield>
  <datafield tag="997" ind1=" " ind2=" ">
    <subfield code="a">20180621</subfield>
    <subfield code="9">LOCAL</subfield>
    <subfield code="M">49HBZ_FHA</subfield>
  </datafield>
  <datafield tag="MBD" ind1=" " ind2=" ">
    <subfield code="M">49HBZ_BRS</subfield>
    <subfield code="i">991001398129706452</subfield>
    <subfield code="n">Hochschule Bonn-Rhein-Sieg</subfield>
  </datafield>
  <datafield tag="020" ind1=" " ind2=" ">
    <subfield code="a">9783836263702</subfield>
    <subfield code="c">EUR 29.90 (DE), EUR 30.80 (AT), CHF 38.90 (freier Preis)</subfield>
    <subfield code="9">978-3-8362-6370-2</subfield>
    <subfield code="M">49HBZ_BRS</subfield>
  </datafield>
  <datafield tag="020" ind1=" " ind2=" ">
    <subfield code="a">383626370X</subfield>
    <subfield code="9">3-8362-6370-X</subfield>
    <subfield code="M">49HBZ_BRS</subfield>
  </datafield>
  <datafield tag="500" ind1=" " ind2=" ">
    <subfield code="a">Auf dem Cover: Inkl. jQuery; Web-Programmierung leicht gemacht; Dynamische Webanwendungen entwickeln, auch f&#xFC;r mobile Ger&#xE4;te; Programmiergrundlagen, DOM, CSS, HTML5, Ajax, Onsen UI; mit zahlreichen Beispielprogrammen und Projektvorlagen: Alle beispielprojekte zum Donload</subfield>
    <subfield code="9">F:501</subfield>
    <subfield code="M">49HBZ_BRS</subfield>
  </datafield>
  <datafield tag="856" ind1="4" ind2="2">
    <subfield code="m">B:DE-101</subfield>
    <subfield code="q">application/pdf</subfield>
    <subfield code="u">http://digitale-objekte.hbz-nrw.de/storage2/2018/06/21/file_26/7972761.pdf</subfield>
    <subfield code="3">Inhaltsverzeichnis</subfield>
    <subfield code="9">O:PKN</subfield>
    <subfield code="M">49HBZ_BRS</subfield>
  </datafield>
  <datafield tag="980" ind1="1" ind2=" ">
    <subfield code="e">HBZ</subfield>
    <subfield code="9">LOCAL</subfield>
    <subfield code="M">49HBZ_BRS</subfield>
  </datafield>
  <datafield tag="981" ind1=" " ind2=" ">
    <subfield code="a">(DE-1044)413596</subfield>
    <subfield code="9">LOCAL</subfield>
    <subfield code="M">49HBZ_BRS</subfield>
  </datafield>
  <datafield tag="983" ind1=" " ind2=" ">
    <subfield code="b">TYD</subfield>
    <subfield code="9">LOCAL</subfield>
    <subfield code="M">49HBZ_BRS</subfield>
  </datafield>
  <datafield tag="997" ind1=" " ind2=" ">
    <subfield code="a">20180620</subfield>
    <subfield code="9">LOCAL</subfield>
    <subfield code="M">49HBZ_BRS</subfield>
  </datafield>
  <datafield tag="MBD" ind1=" " ind2=" ">
    <subfield code="M">49HBZ_UBD</subfield>
    <subfield code="i">991007713359706445</subfield>
    <subfield code="n">Technische Universit&#xE4;t Dortmund</subfield>
  </datafield>
  <datafield tag="020" ind1=" " ind2=" ">
    <subfield code="a">9783836263702</subfield>
    <subfield code="c">EUR 29.90 (DE), EUR 30.80 (AT), CHF 38.90 (freier Preis)</subfield>
    <subfield code="9">978-3-8362-6370-2</subfield>
    <subfield code="M">49HBZ_UBD</subfield>
  </datafield>
  <datafield tag="020" ind1=" " ind2=" ">
    <subfield code="a">383626370X</subfield>
    <subfield code="9">3-8362-6370-X</subfield>
    <subfield code="M">49HBZ_UBD</subfield>
  </datafield>
  <datafield tag="500" ind1=" " ind2=" ">
    <subfield code="a">Auf dem Cover: Inkl. jQuery; Web-Programmierung leicht gemacht; Dynamische Webanwendungen entwickeln, auch f&#xFC;r mobile Ger&#xE4;te; Programmiergrundlagen, DOM, CSS, HTML5, Ajax, Onsen UI; mit zahlreichen Beispielprogrammen und Projektvorlagen: Alle beispielprojekte zum Donload</subfield>
    <subfield code="9">F:501</subfield>
    <subfield code="M">49HBZ_UBD</subfield>
  </datafield>
  <datafield tag="856" ind1="4" ind2="2">
    <subfield code="m">B:DE-101</subfield>
    <subfield code="q">application/pdf</subfield>
    <subfield code="u">http://digitale-objekte.hbz-nrw.de/storage2/2018/06/21/file_26/7972761.pdf</subfield>
    <subfield code="3">Inhaltsverzeichnis</subfield>
    <subfield code="9">O:PKN</subfield>
    <subfield code="M">49HBZ_UBD</subfield>
  </datafield>
  <datafield tag="980" ind1="1" ind2=" ">
    <subfield code="e">HBZ</subfield>
    <subfield code="9">LOCAL</subfield>
    <subfield code="M">49HBZ_UBD</subfield>
  </datafield>
  <datafield tag="981" ind1=" " ind2=" ">
    <subfield code="a">(DE-290)1663284</subfield>
    <subfield code="9">LOCAL</subfield>
    <subfield code="M">49HBZ_UBD</subfield>
  </datafield>
  <datafield tag="997" ind1=" " ind2=" ">
    <subfield code="a">20180608</subfield>
    <subfield code="9">LOCAL</subfield>
    <subfield code="M">49HBZ_UBD</subfield>
  </datafield>
  <datafield tag="MBD" ind1=" " ind2=" ">
    <subfield code="M">49HBZ_ULM</subfield>
    <subfield code="i">991023392509706449</subfield>
    <subfield code="n">Universit&#xE4;t M&#xFC;nster</subfield>
  </datafield>
  <datafield tag="020" ind1=" " ind2=" ">
    <subfield code="a">9783836263702</subfield>
    <subfield code="c">EUR 29.90 (DE), EUR 30.80 (AT), CHF 38.90 (freier Preis)</subfield>
    <subfield code="9">978-3-8362-6370-2</subfield>
    <subfield code="M">49HBZ_ULM</subfield>
  </datafield>
  <datafield tag="020" ind1=" " ind2=" ">
    <subfield code="a">383626370X</subfield>
    <subfield code="9">3-8362-6370-X</subfield>
    <subfield code="M">49HBZ_ULM</subfield>
  </datafield>
  <datafield tag="500" ind1=" " ind2=" ">
    <subfield code="a">Auf dem Cover: Inkl. jQuery; Web-Programmierung leicht gemacht; Dynamische Webanwendungen entwickeln, auch f&#xFC;r mobile Ger&#xE4;te; Programmiergrundlagen, DOM, CSS, HTML5, Ajax, Onsen UI; mit zahlreichen Beispielprogrammen und Projektvorlagen: Alle beispielprojekte zum Donload</subfield>
    <subfield code="9">F:501</subfield>
    <subfield code="M">49HBZ_ULM</subfield>
  </datafield>
  <datafield tag="856" ind1="4" ind2="2">
    <subfield code="m">B:DE-101</subfield>
    <subfield code="q">application/pdf</subfield>
    <subfield code="u">http://digitale-objekte.hbz-nrw.de/storage2/2018/06/21/file_26/7972761.pdf</subfield>
    <subfield code="3">Inhaltsverzeichnis</subfield>
    <subfield code="9">O:PKN</subfield>
    <subfield code="M">49HBZ_ULM</subfield>
  </datafield>
  <datafield tag="980" ind1="1" ind2="2">
    <subfield code="e">HBZ</subfield>
    <subfield code="9">LOCAL</subfield>
    <subfield code="M">49HBZ_ULM</subfield>
  </datafield>
  <datafield tag="981" ind1=" " ind2=" ">
    <subfield code="a">(DE-6)5840513</subfield>
    <subfield code="9">LOCAL</subfield>
    <subfield code="M">49HBZ_ULM</subfield>
  </datafield>
  <datafield tag="983" ind1=" " ind2=" ">
    <subfield code="b">13</subfield>
    <subfield code="2">dbs_loc</subfield>
    <subfield code="9">LOCAL</subfield>
    <subfield code="M">49HBZ_ULM</subfield>
  </datafield>
  <datafield tag="983" ind1=" " ind2=" ">
    <subfield code="b">ST 250</subfield>
    <subfield code="2">rvk_loc</subfield>
    <subfield code="9">LOCAL</subfield>
    <subfield code="M">49HBZ_ULM</subfield>
  </datafield>
  <datafield tag="MBD" ind1=" " ind2=" ">
    <subfield code="M">49HBZ_PAD</subfield>
    <subfield code="i">990021510650106463</subfield>
    <subfield code="n">Universit&#xE4;tsbibliothek Paderborn</subfield>
  </datafield>
  <datafield tag="020" ind1=" " ind2=" ">
    <subfield code="a">9783836263702</subfield>
    <subfield code="c">EUR 29.90 (DE), EUR 30.80 (AT), CHF 38.90 (freier Preis)</subfield>
    <subfield code="9">978-3-8362-6370-2</subfield>
    <subfield code="M">49HBZ_PAD</subfield>
  </datafield>
  <datafield tag="020" ind1=" " ind2=" ">
    <subfield code="a">383626370X</subfield>
    <subfield code="9">3-8362-6370-X</subfield>
    <subfield code="M">49HBZ_PAD</subfield>
  </datafield>
  <datafield tag="500" ind1=" " ind2=" ">
    <subfield code="a">Auf dem Cover: Inkl. jQuery; Web-Programmierung leicht gemacht; Dynamische Webanwendungen entwickeln, auch f&#xFC;r mobile Ger&#xE4;te; Programmiergrundlagen, DOM, CSS, HTML5, Ajax, Onsen UI; mit zahlreichen Beispielprogrammen und Projektvorlagen: Alle beispielprojekte zum Donload</subfield>
    <subfield code="9">F:501</subfield>
    <subfield code="M">49HBZ_PAD</subfield>
  </datafield>
  <datafield tag="856" ind1="4" ind2="2">
    <subfield code="m">B:DE-101</subfield>
    <subfield code="q">application/pdf</subfield>
    <subfield code="u">http://digitale-objekte.hbz-nrw.de/storage2/2018/06/21/file_26/7972761.pdf</subfield>
    <subfield code="3">Inhaltsverzeichnis</subfield>
    <subfield code="9">O:PKN</subfield>
    <subfield code="M">49HBZ_PAD</subfield>
  </datafield>
  <datafield tag="981" ind1=" " ind2=" ">
    <subfield code="a">002151065</subfield>
    <subfield code="l">doclib</subfield>
    <subfield code="9">LOCAL</subfield>
    <subfield code="M">49HBZ_PAD</subfield>
  </datafield>
  <datafield tag="983" ind1=" " ind2=" ">
    <subfield code="a">TWP</subfield>
    <subfield code="9">LOCAL</subfield>
    <subfield code="M">49HBZ_PAD</subfield>
  </datafield>
  <datafield tag="MBD" ind1=" " ind2=" ">
    <subfield code="M">49HBZ_UDE</subfield>
    <subfield code="i">990196654710206446</subfield>
    <subfield code="n">Universit&#xE4;t Duisburg-Essen</subfield>
  </datafield>
  <datafield tag="020" ind1=" " ind2=" ">
    <subfield code="a">9783836263702</subfield>
    <subfield code="c">EUR 29.90 (DE), EUR 30.80 (AT), CHF 38.90 (freier Preis)</subfield>
    <subfield code="9">978-3-8362-6370-2</subfield>
    <subfield code="M">49HBZ_UDE</subfield>
  </datafield>
  <datafield tag="020" ind1=" " ind2=" ">
    <subfield code="a">383626370X</subfield>
    <subfield code="9">3-8362-6370-X</subfield>
    <subfield code="M">49HBZ_UDE</subfield>
  </datafield>
  <datafield tag="500" ind1=" " ind2=" ">
    <subfield code="a">Auf dem Cover: Inkl. jQuery; Web-Programmierung leicht gemacht; Dynamische Webanwendungen entwickeln, auch f&#xFC;r mobile Ger&#xE4;te; Programmiergrundlagen, DOM, CSS, HTML5, Ajax, Onsen UI; mit zahlreichen Beispielprogrammen und Projektvorlagen: Alle beispielprojekte zum Donload</subfield>
    <subfield code="9">F:501</subfield>
    <subfield code="M">49HBZ_UDE</subfield>
  </datafield>
  <datafield tag="856" ind1="4" ind2="2">
    <subfield code="m">B:DE-101</subfield>
    <subfield code="q">application/pdf</subfield>
    <subfield code="u">http://digitale-objekte.hbz-nrw.de/storage2/2018/06/21/file_26/7972761.pdf</subfield>
    <subfield code="3">Inhaltsverzeichnis</subfield>
    <subfield code="9">O:PKN</subfield>
    <subfield code="M">49HBZ_UDE</subfield>
  </datafield>
  <datafield tag="983" ind1=" " ind2=" ">
    <subfield code="b">TYB</subfield>
    <subfield code="9">LOCAL</subfield>
    <subfield code="M">49HBZ_UDE</subfield>
  </datafield>
  <datafield tag="983" ind1=" " ind2=" ">
    <subfield code="b">TWP</subfield>
    <subfield code="9">LOCAL</subfield>
    <subfield code="M">49HBZ_UDE</subfield>
  </datafield>
  <datafield tag="MNG" ind1=" " ind2=" ">
    <subfield code="c">System</subfield>
    <subfield code="f">ILS</subfield>
    <subfield code="i">marc21</subfield>
    <subfield code="k">01</subfield>
    <subfield code="e">false</subfield>
    <subfield code="d">2022-02-04 05:12:54 Europe/Berlin</subfield>
    <subfield code="g">022352140-HBZ01</subfield>
    <subfield code="j">60</subfield>
    <subfield code="a">import</subfield>
    <subfield code="b">2021-04-06 01:43:55 Europe/Berlin</subfield>
  </datafield>
  <datafield tag="H52" ind1=" " ind2=" ">
    <subfield code="b">W0001</subfield>
    <subfield code="c">75</subfield>
    <subfield code="h"/>
    <subfield code="8">22143395270006447</subfield>
  </datafield>
  <datafield tag="HOL" ind1=" " ind2=" ">
    <subfield code="b">2021-04-06 08:48:09</subfield>
    <subfield code="8">22143395270006447</subfield>
    <subfield code="M">49HBZ_WUP</subfield>
    <subfield code="g">false</subfield>
    <subfield code="a">import</subfield>
  </datafield>
  <datafield tag="ITM" ind1=" " ind2=" ">
    <subfield code="H">22143395270006447</subfield>
    <subfield code="x">75</subfield>
    <subfield code="f">BOOK</subfield>
    <subfield code="v">75</subfield>
    <subfield code="p">11</subfield>
    <subfield code="X">ID102752</subfield>
    <subfield code="U">2018-08-21 06:45:21</subfield>
    <subfield code="Y">2022-05-10 17:10:28</subfield>
    <subfield code="h">false</subfield>
    <subfield code="n">TYD6226(3)</subfield>
    <subfield code="M">49HBZ_WUP</subfield>
    <subfield code="s">0</subfield>
    <subfield code="d">#</subfield>
    <subfield code="V">import</subfield>
    <subfield code="b">W00274368</subfield>
    <subfield code="a">23143395260006447</subfield>
    <subfield code="t">8</subfield>
    <subfield code="R">Maintenance count: 004</subfield>
    <subfield code="r">LOAN</subfield>
    <subfield code="S">M2018-4763</subfield>
    <subfield code="B">2018/10215</subfield>
    <subfield code="D">2018-08-30 06:45:21</subfield>
    <subfield code="W">2018-08-21 12:59:00</subfield>
    <subfield code="u">W0001</subfield>
    <subfield code="w">W0001</subfield>
  </datafield>
  <datafield tag="H52" ind1="8" ind2=" ">
    <subfield code="b">EFS</subfield>
    <subfield code="c">EFS_Haupt</subfield>
    <subfield code="h">TYD 1608(3)</subfield>
    <subfield code="8">2245522390006451</subfield>
  </datafield>
  <datafield tag="HOL" ind1=" " ind2=" ">
    <subfield code="b">2022-07-19 14:10:18</subfield>
    <subfield code="8">2245522390006451</subfield>
    <subfield code="M">49HBZ_FDO</subfield>
    <subfield code="g">false</subfield>
    <subfield code="a">import</subfield>
  </datafield>
  <datafield tag="ITM" ind1=" " ind2=" ">
    <subfield code="H">2245522390006451</subfield>
    <subfield code="x">EFS_Haupt</subfield>
    <subfield code="f">BOOK</subfield>
    <subfield code="v">EFS_Haupt</subfield>
    <subfield code="p">ZZZ</subfield>
    <subfield code="X">System</subfield>
    <subfield code="U">2022-07-19 10:59:00</subfield>
    <subfield code="Y">2022-07-19 14:11:01</subfield>
    <subfield code="h">false</subfield>
    <subfield code="n">TYD 1608(3)</subfield>
    <subfield code="G">1</subfield>
    <subfield code="M">49HBZ_FDO</subfield>
    <subfield code="s">1</subfield>
    <subfield code="d">8</subfield>
    <subfield code="V">import</subfield>
    <subfield code="L">SISIS-Ausleihz&#xE4;hler 2022: 0 | SISIS-Ausleihz&#xE4;hler 2021: 1 | SISIS-Ausleihz&#xE4;hler 2020: 2 | Gesamtausleihen SISIS: 9 | SISIS-Vormerkz&#xE4;hler 2022: 0</subfield>
    <subfield code="b">91036298</subfield>
    <subfield code="N">SISIS-letzte R&#xFC;ckgabe: 2022-01-11 | SISIS-vorletzte R&#xFC;ckgabe: 2020-12-02 | FL-Konditionen: 0 | HT-Nummer des Titelsatzes: HT019631849 | SISIS-Aufnahmedatum: 2018-06-11</subfield>
    <subfield code="a">2345522380006451</subfield>
    <subfield code="c">TYD 1608(3)</subfield>
    <subfield code="B">201804-141</subfield>
    <subfield code="W">2022-07-19 14:10:18</subfield>
    <subfield code="u">EFS</subfield>
    <subfield code="w">EFS</subfield>
  </datafield>
  <datafield tag="H52" ind1="8" ind2="1">
    <subfield code="b">I5002</subfield>
    <subfield code="c">IS</subfield>
    <subfield code="h">Tgm34 4:3</subfield>
    <subfield code="8">2260781860006461</subfield>
  </datafield>
  <datafield tag="HOL" ind1=" " ind2=" ">
    <subfield code="d">2022-07-12 17:33:16</subfield>
    <subfield code="8">2260781860006461</subfield>
    <subfield code="b">2022-06-19 11:54:17</subfield>
    <subfield code="M">49HBZ_FSW</subfield>
    <subfield code="g">false</subfield>
    <subfield code="a">import</subfield>
    <subfield code="c">exl_api</subfield>
  </datafield>
  <datafield tag="ITM" ind1=" " ind2=" ">
    <subfield code="H">2260781860006461</subfield>
    <subfield code="x">IS</subfield>
    <subfield code="f">BOOK</subfield>
    <subfield code="v">IS</subfield>
    <subfield code="p">10</subfield>
    <subfield code="X">System</subfield>
    <subfield code="U">2018-06-19 10:59:00</subfield>
    <subfield code="Y">2022-07-20 14:08:37</subfield>
    <subfield code="h">false</subfield>
    <subfield code="n">M/P-Tgm34 4:3</subfield>
    <subfield code="M">49HBZ_FSW</subfield>
    <subfield code="s">1</subfield>
    <subfield code="d">8</subfield>
    <subfield code="V">import</subfield>
    <subfield code="b">1167639-10</subfield>
    <subfield code="N">Z30-CALL-NO-2: Tgm34 4:3</subfield>
    <subfield code="a">2360781850006461</subfield>
    <subfield code="t">4</subfield>
    <subfield code="R">Maintenance count: 002</subfield>
    <subfield code="c">Tgm34 4:3</subfield>
    <subfield code="B">2018/4981</subfield>
    <subfield code="D">20180711</subfield>
    <subfield code="W">2018-06-19 12:59:00</subfield>
    <subfield code="u">I5002</subfield>
    <subfield code="w">I5002</subfield>
  </datafield>
  <datafield tag="ITM" ind1=" " ind2=" ">
    <subfield code="H">2260781860006461</subfield>
    <subfield code="x">IS</subfield>
    <subfield code="f">BOOK</subfield>
    <subfield code="v">IS</subfield>
    <subfield code="p">10</subfield>
    <subfield code="X">System</subfield>
    <subfield code="U">2018-06-19 10:59:00</subfield>
    <subfield code="Y">2022-07-20 14:08:33</subfield>
    <subfield code="h">false</subfield>
    <subfield code="n">M/P-Tgm34 4:3A</subfield>
    <subfield code="M">49HBZ_FSW</subfield>
    <subfield code="s">1</subfield>
    <subfield code="d">8</subfield>
    <subfield code="V">import</subfield>
    <subfield code="b">1167639-20</subfield>
    <subfield code="N">Z30-CALL-NO-2: Tgm34 4:3A</subfield>
    <subfield code="a">2360781840006461</subfield>
    <subfield code="t">4</subfield>
    <subfield code="R">Maintenance count: 001</subfield>
    <subfield code="c">Tgm34 4:3</subfield>
    <subfield code="B">2018/4982</subfield>
    <subfield code="D">20180711</subfield>
    <subfield code="W">2018-06-19 12:59:00</subfield>
    <subfield code="u">I5002</subfield>
    <subfield code="w">I5002</subfield>
  </datafield>
  <datafield tag="H52" ind1="8" ind2=" ">
    <subfield code="b">JUE</subfield>
    <subfield code="c">JUE_Frei</subfield>
    <subfield code="h">61 TYD 16(3)</subfield>
    <subfield code="8">2284742880006444</subfield>
  </datafield>
  <datafield tag="HOL" ind1=" " ind2=" ">
    <subfield code="b">2021-04-20 15:49:04</subfield>
    <subfield code="8">2284742880006444</subfield>
    <subfield code="M">49HBZ_FHA</subfield>
    <subfield code="g">false</subfield>
    <subfield code="a">import</subfield>
  </datafield>
  <datafield tag="ITM" ind1=" " ind2=" ">
    <subfield code="H">2284742880006444</subfield>
    <subfield code="x">JUE_Frei</subfield>
    <subfield code="f">BOOK</subfield>
    <subfield code="v">JUE_Frei</subfield>
    <subfield code="X">ub1898e</subfield>
    <subfield code="U">2021-04-20 10:59:00</subfield>
    <subfield code="Y">2021-07-27 11:25:13</subfield>
    <subfield code="h">false</subfield>
    <subfield code="P">ClassificationNo: 1318</subfield>
    <subfield code="G">1</subfield>
    <subfield code="Q">Fernleihkonditionen: 0</subfield>
    <subfield code="M">49HBZ_FHA</subfield>
    <subfield code="s">1</subfield>
    <subfield code="d">8</subfield>
    <subfield code="V">import</subfield>
    <subfield code="b">61 TYD 16(3)</subfield>
    <subfield code="O">SISIS-Ausleihz&#xE4;hler Migrationsjahr: 0 | SISIS-Ausleihz&#xE4;hler Vor-Migrationsjahr: 0 | SISIS-Ausleihz&#xE4;hler vorletztes Migrationsjahr: 1 | SISIS-Vormerkz&#xE4;hler Migrationsjahr: 0</subfield>
    <subfield code="N">SISIS-Buchdaten-Aufnahmedatum: 2018-07-05 | Altersbegrenzung: 0</subfield>
    <subfield code="a">2384742870006444</subfield>
    <subfield code="c">61 TYD 16(3)</subfield>
    <subfield code="B">18/2069</subfield>
    <subfield code="W">2021-04-20 15:49:04</subfield>
    <subfield code="u">JUE</subfield>
    <subfield code="w">JUE</subfield>
  </datafield>
  <datafield tag="ITM" ind1=" " ind2=" ">
    <subfield code="H">2284742880006444</subfield>
    <subfield code="x">JUE_Frei</subfield>
    <subfield code="f">BOOK</subfield>
    <subfield code="v">JUE_Frei</subfield>
    <subfield code="X">System</subfield>
    <subfield code="U">2021-04-20 10:59:00</subfield>
    <subfield code="Y">2021-04-20 15:49:41</subfield>
    <subfield code="h">false</subfield>
    <subfield code="P">ClassificationNo: 1318</subfield>
    <subfield code="G">1</subfield>
    <subfield code="Q">Fernleihkonditionen: 0</subfield>
    <subfield code="M">49HBZ_FHA</subfield>
    <subfield code="s">1</subfield>
    <subfield code="d">8</subfield>
    <subfield code="V">import</subfield>
    <subfield code="b">61 TYD 16(3)+1</subfield>
    <subfield code="O">SISIS-Ausleihz&#xE4;hler Migrationsjahr: 0 | SISIS-Ausleihz&#xE4;hler Vor-Migrationsjahr: 1 | SISIS-Ausleihz&#xE4;hler vorletztes Migrationsjahr: 1 | SISIS-Vormerkz&#xE4;hler Migrationsjahr: 0 | SISIS-vorletztes R&#xFC;ckgabedatum: 2020-01-06</subfield>
    <subfield code="N">SISIS-Buchdaten-Aufnahmedatum: 2018-07-05 | Altersbegrenzung: 0</subfield>
    <subfield code="a">2384742860006444</subfield>
    <subfield code="c">61 TYD 16(3)</subfield>
    <subfield code="B">18/2069</subfield>
    <subfield code="W">2021-04-20 15:49:04</subfield>
    <subfield code="u">JUE</subfield>
    <subfield code="w">JUE</subfield>
  </datafield>
  <datafield tag="H52" ind1="8" ind2=" ">
    <subfield code="b">STA</subfield>
    <subfield code="c">STA_FH</subfield>
    <subfield code="h">11 = TYD10534(3)</subfield>
    <subfield code="8">2247701910006452</subfield>
  </datafield>
  <datafield tag="HOL" ind1=" " ind2=" ">
    <subfield code="b">2022-07-06 18:17:21</subfield>
    <subfield code="8">2247701910006452</subfield>
    <subfield code="M">49HBZ_BRS</subfield>
    <subfield code="g">false</subfield>
    <subfield code="a">import</subfield>
  </datafield>
  <datafield tag="H52" ind1="8" ind2=" ">
    <subfield code="b">RHB</subfield>
    <subfield code="c">RHB_FH</subfield>
    <subfield code="h">21 = TYD10534(3)+3</subfield>
    <subfield code="8">2247701850006452</subfield>
  </datafield>
  <datafield tag="HOL" ind1=" " ind2=" ">
    <subfield code="b">2022-07-06 18:17:21</subfield>
    <subfield code="8">2247701850006452</subfield>
    <subfield code="M">49HBZ_BRS</subfield>
    <subfield code="g">false</subfield>
    <subfield code="a">import</subfield>
  </datafield>
  <datafield tag="H52" ind1="8" ind2=" ">
    <subfield code="b">STA</subfield>
    <subfield code="c">STA_FH</subfield>
    <subfield code="h">11 = TYD10534(3)+1</subfield>
    <subfield code="8">2247701870006452</subfield>
  </datafield>
  <datafield tag="HOL" ind1=" " ind2=" ">
    <subfield code="b">2022-07-06 18:17:21</subfield>
    <subfield code="8">2247701870006452</subfield>
    <subfield code="M">49HBZ_BRS</subfield>
    <subfield code="g">false</subfield>
    <subfield code="a">import</subfield>
  </datafield>
  <datafield tag="H52" ind1="8" ind2=" ">
    <subfield code="b">STA</subfield>
    <subfield code="c">STA_FH</subfield>
    <subfield code="h">11 = TYD10534(3)+2</subfield>
    <subfield code="8">2247701890006452</subfield>
  </datafield>
  <datafield tag="HOL" ind1=" " ind2=" ">
    <subfield code="b">2022-07-06 18:17:21</subfield>
    <subfield code="8">2247701890006452</subfield>
    <subfield code="M">49HBZ_BRS</subfield>
    <subfield code="g">false</subfield>
    <subfield code="a">import</subfield>
  </datafield>
  <datafield tag="ITM" ind1=" " ind2=" ">
    <subfield code="H">2247701850006452</subfield>
    <subfield code="x">RHB_FH</subfield>
    <subfield code="f">BOOK</subfield>
    <subfield code="v">RHB_FH</subfield>
    <subfield code="p">ZZZ</subfield>
    <subfield code="X">System</subfield>
    <subfield code="U">2022-07-06 10:59:00</subfield>
    <subfield code="Y">2022-07-06 18:18:01</subfield>
    <subfield code="h">false</subfield>
    <subfield code="n">21 = TYD10534(3)+3</subfield>
    <subfield code="G">1</subfield>
    <subfield code="M">49HBZ_BRS</subfield>
    <subfield code="s">1</subfield>
    <subfield code="d">8</subfield>
    <subfield code="V">import</subfield>
    <subfield code="L">Klassifikation: 1305 | SISIS-Magazindrucker: 0 | HBZ01: HT019631849 | Keine Beilagen: 1</subfield>
    <subfield code="b">22253605</subfield>
    <subfield code="O">SISIS-vorletztes R&#xFC;ckgabedatum: 2020-02-10 | SISIS-Buchdaten-Aufnahmedatum: 2018-07-12 | Fernleihkonditionen: 3 | Sigel: 1044</subfield>
    <subfield code="N">Altersbegrenzung: 0 | SISIS-Ausleihz&#xE4;hler 2022: 0 | SISIS-Ausleihz&#xE4;hler 2021: 0 | SISIS-Ausleihz&#xE4;hler 2020: 2 | Gesamtausleihen SISIS: 4 | SISIS-Vormerkz&#xE4;hler 2022: 0</subfield>
    <subfield code="a">2347701840006452</subfield>
    <subfield code="c">21 = TYD10534(3)+3</subfield>
    <subfield code="B">18-2347</subfield>
    <subfield code="W">2022-07-06 18:17:21</subfield>
    <subfield code="u">RHB</subfield>
    <subfield code="w">RHB</subfield>
  </datafield>
  <datafield tag="ITM" ind1=" " ind2=" ">
    <subfield code="H">2247701870006452</subfield>
    <subfield code="x">STA_FH</subfield>
    <subfield code="f">BOOK</subfield>
    <subfield code="v">STA_FH</subfield>
    <subfield code="p">ZZZ</subfield>
    <subfield code="X">System</subfield>
    <subfield code="U">2022-07-06 10:59:00</subfield>
    <subfield code="Y">2022-07-06 18:18:01</subfield>
    <subfield code="h">false</subfield>
    <subfield code="n">11 = TYD10534(3)+1</subfield>
    <subfield code="G">1</subfield>
    <subfield code="M">49HBZ_BRS</subfield>
    <subfield code="s">1</subfield>
    <subfield code="d">8</subfield>
    <subfield code="V">import</subfield>
    <subfield code="L">Klassifikation: 1305 | SISIS-Magazindrucker: 0 | HBZ01: HT019631849 | Keine Beilagen: 1</subfield>
    <subfield code="b">22174458</subfield>
    <subfield code="O">SISIS-vorletztes R&#xFC;ckgabedatum: 2020-07-07 | SISIS-Buchdaten-Aufnahmedatum: 2018-06-20 | Fernleihkonditionen: 3 | Sigel: 1044</subfield>
    <subfield code="N">Altersbegrenzung: 0 | SISIS-Ausleihz&#xE4;hler 2022: 0 | SISIS-Ausleihz&#xE4;hler 2021: 0 | SISIS-Ausleihz&#xE4;hler 2020: 7 | Gesamtausleihen SISIS: 20 | SISIS-Vormerkz&#xE4;hler 2022: 0</subfield>
    <subfield code="a">2347701860006452</subfield>
    <subfield code="c">11 = TYD10534(3)+1</subfield>
    <subfield code="B">D18-1227</subfield>
    <subfield code="W">2022-07-06 18:17:21</subfield>
    <subfield code="u">STA</subfield>
    <subfield code="w">STA</subfield>
  </datafield>
  <datafield tag="ITM" ind1=" " ind2=" ">
    <subfield code="H">2247701910006452</subfield>
    <subfield code="x">STA_FH</subfield>
    <subfield code="f">BOOK</subfield>
    <subfield code="v">STA_FH</subfield>
    <subfield code="p">ZZZ</subfield>
    <subfield code="X">System</subfield>
    <subfield code="U">2022-07-06 10:59:00</subfield>
    <subfield code="Y">2022-07-06 18:18:01</subfield>
    <subfield code="h">false</subfield>
    <subfield code="n">11 = TYD10534(3)</subfield>
    <subfield code="G">1</subfield>
    <subfield code="M">49HBZ_BRS</subfield>
    <subfield code="s">1</subfield>
    <subfield code="d">8</subfield>
    <subfield code="V">import</subfield>
    <subfield code="L">Klassifikation: 1305 | SISIS-Magazindrucker: 0 | HBZ01: HT019631849 | Keine Beilagen: 1</subfield>
    <subfield code="b">22174464</subfield>
    <subfield code="O">SISIS-vorletztes R&#xFC;ckgabedatum: 2021-06-10 | SISIS-Buchdaten-Aufnahmedatum: 2018-06-20 | Fernleihkonditionen: 3 | Sigel: 1044</subfield>
    <subfield code="N">Altersbegrenzung: 0 | SISIS-Ausleihz&#xE4;hler 2022: 0 | SISIS-Ausleihz&#xE4;hler 2021: 9 | SISIS-Ausleihz&#xE4;hler 2020: 12 | Gesamtausleihen SISIS: 44 | SISIS-Vormerkz&#xE4;hler 2022: 0</subfield>
    <subfield code="a">2347701900006452</subfield>
    <subfield code="c">11 = TYD10534(3)</subfield>
    <subfield code="B">D18-1226</subfield>
    <subfield code="W">2022-07-06 18:17:21</subfield>
    <subfield code="u">STA</subfield>
    <subfield code="w">STA</subfield>
  </datafield>
  <datafield tag="ITM" ind1=" " ind2=" ">
    <subfield code="H">2247701890006452</subfield>
    <subfield code="x">STA_FH</subfield>
    <subfield code="f">BOOK</subfield>
    <subfield code="v">STA_FH</subfield>
    <subfield code="p">ZZZ</subfield>
    <subfield code="X">System</subfield>
    <subfield code="U">2022-07-06 10:59:00</subfield>
    <subfield code="Y">2022-07-06 18:18:01</subfield>
    <subfield code="h">false</subfield>
    <subfield code="n">11 = TYD10534(3)+2</subfield>
    <subfield code="G">1</subfield>
    <subfield code="M">49HBZ_BRS</subfield>
    <subfield code="s">1</subfield>
    <subfield code="d">8</subfield>
    <subfield code="V">import</subfield>
    <subfield code="L">Klassifikation: 1305 | SISIS-Magazindrucker: 0 | HBZ01: HT019631849 | Keine Beilagen: 1</subfield>
    <subfield code="b">22174441</subfield>
    <subfield code="O">SISIS-vorletztes R&#xFC;ckgabedatum: 2019-05-21 | SISIS-Buchdaten-Aufnahmedatum: 2018-06-20 | Fernleihkonditionen: 3 | Sigel: 1044</subfield>
    <subfield code="N">Altersbegrenzung: 0 | SISIS-Ausleihz&#xE4;hler 2022: 0 | SISIS-Ausleihz&#xE4;hler 2021: 0 | SISIS-Ausleihz&#xE4;hler 2020: 4 | Gesamtausleihen SISIS: 10 | SISIS-Vormerkz&#xE4;hler 2022: 0</subfield>
    <subfield code="a">2347701880006452</subfield>
    <subfield code="c">11 = TYD10534(3)+2</subfield>
    <subfield code="B">D18-1228</subfield>
    <subfield code="W">2022-07-06 18:17:21</subfield>
    <subfield code="u">STA</subfield>
    <subfield code="w">STA</subfield>
  </datafield>
  <datafield tag="H52" ind1=" " ind2=" ">
    <subfield code="b">ZB</subfield>
    <subfield code="c">Freihand</subfield>
    <subfield code="8">22189128760006445</subfield>
  </datafield>
  <datafield tag="HOL" ind1=" " ind2=" ">
    <subfield code="b">2021-04-19 15:11:44</subfield>
    <subfield code="8">22189128760006445</subfield>
    <subfield code="M">49HBZ_UBD</subfield>
    <subfield code="g">false</subfield>
    <subfield code="a">import</subfield>
  </datafield>
  <datafield tag="ITM" ind1=" " ind2=" ">
    <subfield code="H">22189128760006445</subfield>
    <subfield code="x">Freihand</subfield>
    <subfield code="f">BOOK</subfield>
    <subfield code="v">Freihand</subfield>
    <subfield code="X">exl_api</subfield>
    <subfield code="U">2021-04-19 10:59:00</subfield>
    <subfield code="Y">2022-08-31 06:46:54</subfield>
    <subfield code="h">false</subfield>
    <subfield code="n">Sn 35610/3</subfield>
    <subfield code="G">1</subfield>
    <subfield code="M">49HBZ_UBD</subfield>
    <subfield code="s">1</subfield>
    <subfield code="d">#</subfield>
    <subfield code="V">import</subfield>
    <subfield code="L">ClassificationNo: 1300 | SISIS-Magazindrucker: 0 | HBZ01: HT019631849</subfield>
    <subfield code="b">50000033216</subfield>
    <subfield code="O">SISIS-Ausleihz&#xE4;hler vorletztes Migrationsjahr: 3 | SISIS-Vormerkz&#xE4;hler Migrationsjahr: 0 | SISIS-vorletztes R&#xFC;ckgabedatum: 2019-11-20 | SISIS-Buchdaten-Aufnahmedatum: 2018-06-22</subfield>
    <subfield code="N">Fernleihkonditionen: 0 | Sigel: 290 | Klassifikation: 1300 | Altersbegrenzung: 0 | SISIS-Ausleihz&#xE4;hler Migrationsjahr: 1 | SISIS-Ausleihz&#xE4;hler Vor-Migrationsjahr: 0</subfield>
    <subfield code="a">23189128750006445</subfield>
    <subfield code="B">ZB-133239</subfield>
    <subfield code="W">2021-04-19 15:11:44</subfield>
    <subfield code="u">ZB</subfield>
    <subfield code="w">ZB</subfield>
  </datafield>
  <datafield tag="H52" ind1="8" ind2=" ">
    <subfield code="b">ZB</subfield>
    <subfield code="c">ZB_LBM</subfield>
    <subfield code="h">INF 4.5:The</subfield>
    <subfield code="8">22506634660006449</subfield>
  </datafield>
  <datafield tag="HOL" ind1=" " ind2=" ">
    <subfield code="b">2022-07-11 09:03:44</subfield>
    <subfield code="8">22506634660006449</subfield>
    <subfield code="M">49HBZ_ULM</subfield>
    <subfield code="g">false</subfield>
    <subfield code="a">import</subfield>
  </datafield>
  <datafield tag="ITM" ind1=" " ind2=" ">
    <subfield code="H">22506634660006449</subfield>
    <subfield code="x">ZB_LBM</subfield>
    <subfield code="f">BOOK</subfield>
    <subfield code="v">ZB_LBM</subfield>
    <subfield code="X">System</subfield>
    <subfield code="U">2022-07-10 10:59:00</subfield>
    <subfield code="Y">2022-07-27 08:13:22</subfield>
    <subfield code="h">false</subfield>
    <subfield code="n">033 5194</subfield>
    <subfield code="Q">SISIS-Ausleihz&#xE4;hler Migrationsjahr: 3 | SISIS-Ausleihz&#xE4;hler Vor-Migrationsjahr: 0 | SISIS-Ausleihz&#xE4;hler vorletztes Migrationsjahr: 12</subfield>
    <subfield code="M">49HBZ_ULM</subfield>
    <subfield code="s">1</subfield>
    <subfield code="d">8</subfield>
    <subfield code="V">import</subfield>
    <subfield code="b">6-00557803-7</subfield>
    <subfield code="O">Fernleihkonditionen: 3</subfield>
    <subfield code="a">23506634650006449</subfield>
    <subfield code="R">DBS-Systematik: 13</subfield>
    <subfield code="c">INF 4.5:The</subfield>
    <subfield code="W">2022-07-11 09:03:44</subfield>
    <subfield code="u">ZB</subfield>
    <subfield code="w">ZB</subfield>
  </datafield>
  <datafield tag="ITM" ind1=" " ind2=" ">
    <subfield code="H">22506634660006449</subfield>
    <subfield code="x">ZB_LBM</subfield>
    <subfield code="f">BOOK</subfield>
    <subfield code="v">ZB_LBM</subfield>
    <subfield code="X">AMO_TL2_FIX</subfield>
    <subfield code="U">2022-07-10 10:59:00</subfield>
    <subfield code="Y">2022-07-12 11:10:54</subfield>
    <subfield code="h">false</subfield>
    <subfield code="n">033 5194#2</subfield>
    <subfield code="Q">SISIS-Ausleihz&#xE4;hler Migrationsjahr: 0 | SISIS-Ausleihz&#xE4;hler Vor-Migrationsjahr: 0 | SISIS-Ausleihz&#xE4;hler vorletztes Migrationsjahr: 0</subfield>
    <subfield code="M">49HBZ_ULM</subfield>
    <subfield code="s">1</subfield>
    <subfield code="d">8</subfield>
    <subfield code="V">import</subfield>
    <subfield code="b">6-00557802-4</subfield>
    <subfield code="O">Fernleihkonditionen: 3</subfield>
    <subfield code="a">23506634640006449</subfield>
    <subfield code="R">DBS-Systematik: 13</subfield>
    <subfield code="c">INF 4.5:The</subfield>
    <subfield code="W">2022-07-11 09:03:44</subfield>
    <subfield code="u">ZB</subfield>
    <subfield code="w">ZB</subfield>
  </datafield>
  <datafield tag="H52" ind1="8" ind2="1">
    <subfield code="b">P0001</subfield>
    <subfield code="c">UNASSIGNED</subfield>
    <subfield code="8">22127647700006463</subfield>
  </datafield>
  <datafield tag="HOL" ind1=" " ind2=" ">
    <subfield code="b">2022-07-14 09:16:45</subfield>
    <subfield code="8">22127647700006463</subfield>
    <subfield code="M">49HBZ_PAD</subfield>
    <subfield code="g">false</subfield>
    <subfield code="a">import</subfield>
  </datafield>
  <datafield tag="H52" ind1="8" ind2=" ">
    <subfield code="b">P0001</subfield>
    <subfield code="c">41</subfield>
    <subfield code="8">22127647730006463</subfield>
  </datafield>
  <datafield tag="HOL" ind1=" " ind2=" ">
    <subfield code="b">2022-07-14 09:16:45</subfield>
    <subfield code="8">22127647730006463</subfield>
    <subfield code="M">49HBZ_PAD</subfield>
    <subfield code="g">false</subfield>
    <subfield code="a">import</subfield>
  </datafield>
  <datafield tag="ITM" ind1=" " ind2=" ">
    <subfield code="H">22127647730006463</subfield>
    <subfield code="x">41</subfield>
    <subfield code="f">BOOK</subfield>
    <subfield code="v">41</subfield>
    <subfield code="p">20</subfield>
    <subfield code="X">System</subfield>
    <subfield code="U">2020-08-21 10:59:00</subfield>
    <subfield code="Y">2022-07-14 09:17:31</subfield>
    <subfield code="h">false</subfield>
    <subfield code="n">TWP22152(3)</subfield>
    <subfield code="P">30///</subfield>
    <subfield code="M">49HBZ_PAD</subfield>
    <subfield code="s">1</subfield>
    <subfield code="d">8</subfield>
    <subfield code="V">import</subfield>
    <subfield code="b">TWP22152(3)</subfield>
    <subfield code="a">23127647720006463</subfield>
    <subfield code="t">8</subfield>
    <subfield code="S">M-20-4052</subfield>
    <subfield code="B">20/6083</subfield>
    <subfield code="D">20200901</subfield>
    <subfield code="W">2020-08-21 12:59:00</subfield>
    <subfield code="u">P0001</subfield>
    <subfield code="w">P0001</subfield>
  </datafield>
  <datafield tag="ITM" ind1=" " ind2=" ">
    <subfield code="H">22127647730006463</subfield>
    <subfield code="x">41</subfield>
    <subfield code="f">BOOK</subfield>
    <subfield code="v">41</subfield>
    <subfield code="p">20</subfield>
    <subfield code="X">System</subfield>
    <subfield code="U">2020-08-21 10:59:00</subfield>
    <subfield code="Y">2022-07-14 09:17:31</subfield>
    <subfield code="h">false</subfield>
    <subfield code="n">TWP22152(3)+1</subfield>
    <subfield code="P">30///</subfield>
    <subfield code="M">49HBZ_PAD</subfield>
    <subfield code="s">1</subfield>
    <subfield code="d">8</subfield>
    <subfield code="V">import</subfield>
    <subfield code="b">TWP22152(3)+1</subfield>
    <subfield code="a">23127647710006463</subfield>
    <subfield code="t">8</subfield>
    <subfield code="R">Maintenance count: 003</subfield>
    <subfield code="S">M-20-4052</subfield>
    <subfield code="B">20/6084</subfield>
    <subfield code="D">20200901</subfield>
    <subfield code="W">2020-08-21 12:59:00</subfield>
    <subfield code="u">P0001</subfield>
    <subfield code="w">P0001</subfield>
  </datafield>
  <datafield tag="H52" ind1="8" ind2=" ">
    <subfield code="b">E0001</subfield>
    <subfield code="c">E33</subfield>
    <subfield code="h">TYB1129(3)</subfield>
    <subfield code="8">22416947890006446</subfield>
  </datafield>
  <datafield tag="HOL" ind1=" " ind2=" ">
    <subfield code="b">2021-04-15 18:33:51</subfield>
    <subfield code="8">22416947890006446</subfield>
    <subfield code="M">49HBZ_UDE</subfield>
    <subfield code="g">false</subfield>
    <subfield code="a">import</subfield>
  </datafield>
  <datafield tag="H52" ind1="8" ind2=" ">
    <subfield code="b">D0001</subfield>
    <subfield code="c">D05</subfield>
    <subfield code="h">TWP8474(3)</subfield>
    <subfield code="8">22416947930006446</subfield>
  </datafield>
  <datafield tag="HOL" ind1=" " ind2=" ">
    <subfield code="b">2021-04-15 18:33:51</subfield>
    <subfield code="8">22416947930006446</subfield>
    <subfield code="M">49HBZ_UDE</subfield>
    <subfield code="g">false</subfield>
    <subfield code="a">import</subfield>
  </datafield>
  <datafield tag="H52" ind1="8" ind2=" ">
    <subfield code="b">D0001</subfield>
    <subfield code="c">D01</subfield>
    <subfield code="h">TWP8474(3)</subfield>
    <subfield code="8">22416947950006446</subfield>
  </datafield>
  <datafield tag="HOL" ind1=" " ind2=" ">
    <subfield code="b">2021-04-15 18:33:51</subfield>
    <subfield code="8">22416947950006446</subfield>
    <subfield code="M">49HBZ_UDE</subfield>
    <subfield code="g">false</subfield>
    <subfield code="a">import</subfield>
  </datafield>
  <datafield tag="ITM" ind1=" " ind2=" ">
    <subfield code="H">22416947930006446</subfield>
    <subfield code="x">D05</subfield>
    <subfield code="f">BOOK</subfield>
    <subfield code="v">D05</subfield>
    <subfield code="p">10</subfield>
    <subfield code="X">System</subfield>
    <subfield code="U">2018-12-17 10:59:00</subfield>
    <subfield code="Y">2021-05-14 12:57:31</subfield>
    <subfield code="h">false</subfield>
    <subfield code="n">TWP8474(3)+3</subfield>
    <subfield code="P">12</subfield>
    <subfield code="M">49HBZ_UDE</subfield>
    <subfield code="s">1</subfield>
    <subfield code="d">8</subfield>
    <subfield code="V">import</subfield>
    <subfield code="b">DE00648926</subfield>
    <subfield code="a">23416947900006446</subfield>
    <subfield code="t">8</subfield>
    <subfield code="c">TWP8474(3)</subfield>
    <subfield code="S">MB18-8822</subfield>
    <subfield code="B">18/12599</subfield>
    <subfield code="D">20181217</subfield>
    <subfield code="W">2018-12-17 11:59:00</subfield>
    <subfield code="u">D0001</subfield>
    <subfield code="w">D0001</subfield>
  </datafield>
  <datafield tag="ITM" ind1=" " ind2=" ">
    <subfield code="H">22416947930006446</subfield>
    <subfield code="x">D05</subfield>
    <subfield code="f">BOOK</subfield>
    <subfield code="v">D05</subfield>
    <subfield code="p">10</subfield>
    <subfield code="X">System</subfield>
    <subfield code="U">2018-12-17 10:59:00</subfield>
    <subfield code="Y">2021-05-14 12:57:31</subfield>
    <subfield code="h">false</subfield>
    <subfield code="n">TWP8474(3)+2</subfield>
    <subfield code="P">12</subfield>
    <subfield code="M">49HBZ_UDE</subfield>
    <subfield code="s">1</subfield>
    <subfield code="d">8</subfield>
    <subfield code="V">import</subfield>
    <subfield code="b">DE00648925</subfield>
    <subfield code="a">23416947910006446</subfield>
    <subfield code="t">8</subfield>
    <subfield code="c">TWP8474(3)</subfield>
    <subfield code="S">MB18-8822</subfield>
    <subfield code="B">18/12598</subfield>
    <subfield code="D">20181217</subfield>
    <subfield code="W">2018-12-17 11:59:00</subfield>
    <subfield code="u">D0001</subfield>
    <subfield code="w">D0001</subfield>
  </datafield>
  <datafield tag="ITM" ind1=" " ind2=" ">
    <subfield code="H">22416947930006446</subfield>
    <subfield code="x">D05</subfield>
    <subfield code="f">BOOK</subfield>
    <subfield code="v">D05</subfield>
    <subfield code="p">10</subfield>
    <subfield code="X">System</subfield>
    <subfield code="U">2018-12-17 10:59:00</subfield>
    <subfield code="Y">2021-05-14 12:57:31</subfield>
    <subfield code="h">false</subfield>
    <subfield code="n">TWP8474(3)+1</subfield>
    <subfield code="P">12</subfield>
    <subfield code="M">49HBZ_UDE</subfield>
    <subfield code="s">1</subfield>
    <subfield code="d">8</subfield>
    <subfield code="V">import</subfield>
    <subfield code="b">DE00648924</subfield>
    <subfield code="a">23416947920006446</subfield>
    <subfield code="t">8</subfield>
    <subfield code="c">TWP8474(3)</subfield>
    <subfield code="S">MB18-8822</subfield>
    <subfield code="B">18/12597</subfield>
    <subfield code="D">20181217</subfield>
    <subfield code="W">2018-12-17 11:59:00</subfield>
    <subfield code="u">D0001</subfield>
    <subfield code="w">D0001</subfield>
  </datafield>
  <datafield tag="ITM" ind1=" " ind2=" ">
    <subfield code="H">22416947890006446</subfield>
    <subfield code="x">E33</subfield>
    <subfield code="f">BOOK</subfield>
    <subfield code="v">E33</subfield>
    <subfield code="p">10</subfield>
    <subfield code="X">System</subfield>
    <subfield code="U">2018-12-14 10:59:00</subfield>
    <subfield code="Y">2021-11-10 16:52:34</subfield>
    <subfield code="h">false</subfield>
    <subfield code="n">TYB1129(3)+1</subfield>
    <subfield code="P">12</subfield>
    <subfield code="M">49HBZ_UDE</subfield>
    <subfield code="s">1</subfield>
    <subfield code="d">8</subfield>
    <subfield code="V">import</subfield>
    <subfield code="b">DE00644940</subfield>
    <subfield code="a">23416947870006446</subfield>
    <subfield code="t">8</subfield>
    <subfield code="c">TYB1129(3)</subfield>
    <subfield code="S">MB18-8821</subfield>
    <subfield code="B">18/12443</subfield>
    <subfield code="D">20181214</subfield>
    <subfield code="W">2018-12-14 11:59:00</subfield>
    <subfield code="u">E0001</subfield>
    <subfield code="w">E0001</subfield>
  </datafield>
  <datafield tag="ITM" ind1=" " ind2=" ">
    <subfield code="H">22416947890006446</subfield>
    <subfield code="x">E33</subfield>
    <subfield code="f">BOOK</subfield>
    <subfield code="v">E33</subfield>
    <subfield code="p">10</subfield>
    <subfield code="X">System</subfield>
    <subfield code="U">2018-12-04 10:59:00</subfield>
    <subfield code="Y">2021-05-14 12:57:32</subfield>
    <subfield code="h">false</subfield>
    <subfield code="n">TYB1129(3)</subfield>
    <subfield code="P">12</subfield>
    <subfield code="M">49HBZ_UDE</subfield>
    <subfield code="s">1</subfield>
    <subfield code="d">8</subfield>
    <subfield code="V">import</subfield>
    <subfield code="b">DE00644939</subfield>
    <subfield code="a">23416947880006446</subfield>
    <subfield code="t">8</subfield>
    <subfield code="c">TYB1129(3)</subfield>
    <subfield code="S">MB18-8821</subfield>
    <subfield code="B">18/12442</subfield>
    <subfield code="D">20181214</subfield>
    <subfield code="W">2018-12-04 11:59:00</subfield>
    <subfield code="u">E0001</subfield>
    <subfield code="w">E0001</subfield>
  </datafield>
  <datafield tag="ITM" ind1=" " ind2=" ">
    <subfield code="H">22416947950006446</subfield>
    <subfield code="x">D01</subfield>
    <subfield code="f">BOOK</subfield>
    <subfield code="v">D01</subfield>
    <subfield code="p">10</subfield>
    <subfield code="X">System</subfield>
    <subfield code="U">2018-12-04 10:59:00</subfield>
    <subfield code="Y">2021-11-22 12:22:46</subfield>
    <subfield code="h">false</subfield>
    <subfield code="n">TWP8474(3)</subfield>
    <subfield code="P">12</subfield>
    <subfield code="Q">IF</subfield>
    <subfield code="M">49HBZ_UDE</subfield>
    <subfield code="s">1</subfield>
    <subfield code="d">8</subfield>
    <subfield code="V">import</subfield>
    <subfield code="b">DE00648923</subfield>
    <subfield code="a">23416947940006446</subfield>
    <subfield code="t">8</subfield>
    <subfield code="c">TWP8474(3)</subfield>
    <subfield code="S">MB18-8822</subfield>
    <subfield code="B">18/12596</subfield>
    <subfield code="D">20181217</subfield>
    <subfield code="W">2018-12-04 11:59:00</subfield>
    <subfield code="u">D0001</subfield>
    <subfield code="w">D0001</subfield>
  </datafield>
  <datafield tag="ITM" ind1=" " ind2=" ">
    <subfield code="H">22416947890006446</subfield>
    <subfield code="x">E33</subfield>
    <subfield code="f">BOOK</subfield>
    <subfield code="v">E33</subfield>
    <subfield code="p">10</subfield>
    <subfield code="X">000195232</subfield>
    <subfield code="U">2018-12-14 10:59:00</subfield>
    <subfield code="Y">2021-11-30 13:39:54</subfield>
    <subfield code="h">false</subfield>
    <subfield code="n">TYB1129(3)+3</subfield>
    <subfield code="P">12</subfield>
    <subfield code="M">49HBZ_UDE</subfield>
    <subfield code="s">0</subfield>
    <subfield code="d">8</subfield>
    <subfield code="V">import</subfield>
    <subfield code="b">DE00644942</subfield>
    <subfield code="a">23416947850006446</subfield>
    <subfield code="t">8</subfield>
    <subfield code="c">TYB1129(3)</subfield>
    <subfield code="r">LOAN</subfield>
    <subfield code="S">MB18-8821</subfield>
    <subfield code="B">18/12445</subfield>
    <subfield code="D">20181214</subfield>
    <subfield code="W">2018-12-14 11:59:00</subfield>
    <subfield code="u">E0001</subfield>
    <subfield code="w">E0001</subfield>
  </datafield>
  <datafield tag="ITM" ind1=" " ind2=" ">
    <subfield code="H">22416947890006446</subfield>
    <subfield code="x">E33</subfield>
    <subfield code="f">BOOK</subfield>
    <subfield code="v">E33</subfield>
    <subfield code="p">10</subfield>
    <subfield code="X">System</subfield>
    <subfield code="U">2018-12-14 10:59:00</subfield>
    <subfield code="Y">2021-05-14 12:57:30</subfield>
    <subfield code="h">false</subfield>
    <subfield code="n">TYB1129(3)+2</subfield>
    <subfield code="P">12</subfield>
    <subfield code="M">49HBZ_UDE</subfield>
    <subfield code="s">1</subfield>
    <subfield code="d">8</subfield>
    <subfield code="V">import</subfield>
    <subfield code="b">DE00644941</subfield>
    <subfield code="a">23416947860006446</subfield>
    <subfield code="t">8</subfield>
    <subfield code="c">TYB1129(3)</subfield>
    <subfield code="S">MB18-8821</subfield>
    <subfield code="B">18/12444</subfield>
    <subfield code="D">20181214</subfield>
    <subfield code="W">2018-12-14 11:59:00</subfield>
    <subfield code="u">E0001</subfield>
    <subfield code="w">E0001</subfield>
  </datafield>
</record>