
<record>
  <leader>01027nam#a2200253#cc4500</leader>
  <controlfield tag="005">20210409150038.0</controlfield>
  <controlfield tag="007">tu</controlfield>
  <controlfield tag="008">180530|2001####gw############|||#|#ger#c</controlfield>
  <controlfield tag="003">DE-605</controlfield>
  <controlfield tag="001">990225056670206441</controlfield>
  <datafield tag="016" ind1="7" ind2=" ">
    <subfield code="a">1074286945</subfield>
    <subfield code="2">OCoLC</subfield>
  </datafield>
  <datafield tag="020" ind1=" " ind2=" ">
    <subfield code="a">3931645029</subfield>
    <subfield code="9">3-931645-02-9</subfield>
    <subfield code="0">(uri) http://www.isbnsearch.org/isbn/3931645029</subfield>
  </datafield>
  <datafield tag="035" ind1=" " ind2=" ">
    <subfield code="a">(DE-605)TT003907920</subfield>
  </datafield>
  <datafield tag="040" ind1=" " ind2=" ">
    <subfield code="a">82/Inst</subfield>
    <subfield code="b">ger</subfield>
    <subfield code="c">82/Inst</subfield>
    <subfield code="e">rakwb</subfield>
  </datafield>
  <datafield tag="041" ind1=" " ind2=" ">
    <subfield code="a">ger</subfield>
  </datafield>
  <datafield tag="044" ind1=" " ind2=" ">
    <subfield code="c">XA-DE</subfield>
  </datafield>
  <datafield tag="100" ind1="1" ind2=" ">
    <subfield code="a">Furlan, Peter</subfield>
    <subfield code="d">1953-</subfield>
    <subfield code="0">(DE-588)1049517296</subfield>
    <subfield code="4">aut</subfield>
    <subfield code="9">O:H</subfield>
    <subfield code="0">(uri) https://portal.dnb.de/opac.htm?method=simpleSearch&amp;cqlMode=true&amp;query=idn=1049517296</subfield>
    <subfield code="0">(uri) http://viaf.org/viaf/sourceID/DNB|1049517296</subfield>
  </datafield>
  <datafield tag="245" ind1="1" ind2="0">
    <subfield code="a">&lt;&lt;Das&gt;&gt; gelbe Rechenbuch</subfield>
    <subfield code="b">f&#xFC;r Ingenieure, Naturwissenschaftler und Mathematiker ; Rechenverfahren der h&#xF6;heren Mathematik in Einzelschritten erkl&#xE4;rt ; mit vielen ausf&#xFC;hrlich gerechneten Beispielen</subfield>
    <subfield code="n">3</subfield>
    <subfield code="p">Gew&#xF6;hnliche Differentialgleichungen, Funktionentheorie, Integraltransformationen, Partielle Differentialgleichungen</subfield>
    <subfield code="c">Peter Furlan</subfield>
  </datafield>
  <datafield tag="264" ind1=" " ind2="1">
    <subfield code="a">Dortmund</subfield>
    <subfield code="b">Furlan</subfield>
    <subfield code="c">ca. 2001</subfield>
  </datafield>
  <datafield tag="300" ind1=" " ind2=" ">
    <subfield code="a">219 S.: graph. Darst.</subfield>
  </datafield>
  <datafield tag="773" ind1="0" ind2="8">
    <subfield code="w">(DE-605)HT006855611</subfield>
    <subfield code="q">3</subfield>
  </datafield>
  <datafield tag="964" ind1="0" ind2="s">
    <subfield code="F">030</subfield>
    <subfield code="A">a|1uc||||||||</subfield>
  </datafield>
  <datafield tag="964" ind1="0" ind2="s">
    <subfield code="F">050</subfield>
    <subfield code="A">a|||||||||||||</subfield>
  </datafield>
  <datafield tag="035" ind1=" " ind2=" ">
    <subfield code="a">(OCoLC)1074286945</subfield>
    <subfield code="0">(uri) http://www.worldcat.org/oclc/1074286945</subfield>
  </datafield>
  <datafield tag="MBD" ind1=" " ind2=" ">
    <subfield code="M">49HBZ_NETWORK</subfield>
    <subfield code="i">990225056670206441</subfield>
    <subfield code="n">HBZ Network</subfield>
  </datafield>
  <datafield tag="MBD" ind1=" " ind2=" ">
    <subfield code="M">49HBZ_UBA</subfield>
    <subfield code="i">991019126569706448</subfield>
    <subfield code="n">RWTH Aachen</subfield>
  </datafield>
  <datafield tag="020" ind1=" " ind2=" ">
    <subfield code="a">3931645029</subfield>
    <subfield code="9">3-931645-02-9</subfield>
    <subfield code="M">49HBZ_UBA</subfield>
  </datafield>
  <datafield tag="100" ind1="1" ind2=" ">
    <subfield code="a">Furlan, Peter</subfield>
    <subfield code="d">1953-</subfield>
    <subfield code="0">(DE-588)1049517296</subfield>
    <subfield code="4">aut</subfield>
    <subfield code="9">O:H</subfield>
    <subfield code="M">49HBZ_UBA</subfield>
  </datafield>
  <datafield tag="980" ind1="1" ind2=" ">
    <subfield code="e">HBZ</subfield>
    <subfield code="9">LOCAL</subfield>
    <subfield code="M">49HBZ_UBA</subfield>
  </datafield>
  <datafield tag="981" ind1=" " ind2=" ">
    <subfield code="a">(DE-82)2549366</subfield>
    <subfield code="9">LOCAL</subfield>
    <subfield code="M">49HBZ_UBA</subfield>
  </datafield>
  <datafield tag="997" ind1=" " ind2=" ">
    <subfield code="a">20180629</subfield>
    <subfield code="b">20180810</subfield>
    <subfield code="9">LOCAL</subfield>
    <subfield code="M">49HBZ_UBA</subfield>
  </datafield>
  <datafield tag="MNG" ind1=" " ind2=" ">
    <subfield code="c">System</subfield>
    <subfield code="f">ILS</subfield>
    <subfield code="i">marc21</subfield>
    <subfield code="k">01</subfield>
    <subfield code="e">false</subfield>
    <subfield code="d">2021-07-09 04:08:03 Europe/Berlin</subfield>
    <subfield code="g">022505667-HBZ01</subfield>
    <subfield code="j">50</subfield>
    <subfield code="a">import</subfield>
    <subfield code="b">2021-04-05 13:58:09 Europe/Berlin</subfield>
  </datafield>
  <datafield tag="H52" ind1="8" ind2=" ">
    <subfield code="b">501</subfield>
    <subfield code="c">0</subfield>
    <subfield code="8">22217998260006448</subfield>
  </datafield>
  <datafield tag="HOL" ind1=" " ind2=" ">
    <subfield code="b">2022-07-20 21:04:53</subfield>
    <subfield code="8">22217998260006448</subfield>
    <subfield code="M">49HBZ_UBA</subfield>
    <subfield code="g">false</subfield>
    <subfield code="a">import</subfield>
  </datafield>
  <datafield tag="ITM" ind1=" " ind2=" ">
    <subfield code="H">22217998260006448</subfield>
    <subfield code="x">0</subfield>
    <subfield code="f">BOOK</subfield>
    <subfield code="v">0</subfield>
    <subfield code="p">Praesenzexemplar</subfield>
    <subfield code="X">System</subfield>
    <subfield code="U">2022-07-20 10:59:00</subfield>
    <subfield code="Y">2022-07-20 21:05:29</subfield>
    <subfield code="h">false</subfield>
    <subfield code="n">501:M 036</subfield>
    <subfield code="G">1</subfield>
    <subfield code="M">49HBZ_UBA</subfield>
    <subfield code="s">1</subfield>
    <subfield code="d">8</subfield>
    <subfield code="V">import</subfield>
    <subfield code="L">Interne Fusszeile: Inventarnummer: 2005.037 | Magazinetage: 0</subfield>
    <subfield code="b">501:000491</subfield>
    <subfield code="O">Ausleihz&#xE4;hler Migrationsjahr: 0 | Ausleihz&#xE4;hler Vor-Migrationsjahr: 0 | Ausleihz&#xE4;hler vorletztes Migrationsjahr: 0 | Vormerkz&#xE4;hler Migrationsjahr: 0 | Buchdaten-Aufnahmedatum: 2018-08-10</subfield>
    <subfield code="N">Fernleihkonditionen: 3</subfield>
    <subfield code="a">23217998250006448</subfield>
    <subfield code="t">8</subfield>
    <subfield code="W">2022-07-20 21:04:53</subfield>
    <subfield code="u">501</subfield>
    <subfield code="w">501</subfield>
  </datafield>
</record>