
<record>
  <leader>01239naa#a2200337#c#4500</leader>
  <controlfield tag="005">20210409145850.0</controlfield>
  <controlfield tag="007">tu</controlfield>
  <controlfield tag="008">181113|2018####gw############|||#|#ger#c</controlfield>
  <controlfield tag="003">DE-605</controlfield>
  <controlfield tag="001">990226763120206441</controlfield>
  <datafield tag="035" ind1=" " ind2=" ">
    <subfield code="a">(DE-605)HT019868557</subfield>
  </datafield>
  <datafield tag="040" ind1=" " ind2=" ">
    <subfield code="a">61</subfield>
    <subfield code="b">ger</subfield>
    <subfield code="e">rda</subfield>
  </datafield>
  <datafield tag="041" ind1=" " ind2=" ">
    <subfield code="a">ger</subfield>
  </datafield>
  <datafield tag="044" ind1=" " ind2=" ">
    <subfield code="c">XA-DE</subfield>
  </datafield>
  <datafield tag="084" ind1=" " ind2=" ">
    <subfield code="a">Geschichte</subfield>
    <subfield code="0">https://nwbib.de/subjects#N240000</subfield>
    <subfield code="2">nwbib</subfield>
  </datafield>
  <datafield tag="100" ind1="1" ind2=" ">
    <subfield code="a">Hiepel, Claudia</subfield>
    <subfield code="d">1967-</subfield>
    <subfield code="0">(DE-588)128710195</subfield>
    <subfield code="4">aut</subfield>
    <subfield code="0">(uri) https://portal.dnb.de/opac.htm?method=simpleSearch&amp;cqlMode=true&amp;query=idn=128710195</subfield>
    <subfield code="0">(uri) http://viaf.org/viaf/sourceID/DNB|128710195</subfield>
  </datafield>
  <datafield tag="245" ind1="1" ind2="0">
    <subfield code="a">Euregionen am Rhein</subfield>
    <subfield code="b">zur "Relativierung" der Grenze durch grenz&#xFC;berschreitende Zusammenarbeit</subfield>
    <subfield code="c">Claudia Hiepel</subfield>
  </datafield>
  <datafield tag="264" ind1=" " ind2="1">
    <subfield code="c">2018</subfield>
  </datafield>
  <datafield tag="336" ind1=" " ind2=" ">
    <subfield code="b">txt</subfield>
  </datafield>
  <datafield tag="337" ind1=" " ind2=" ">
    <subfield code="b">n</subfield>
  </datafield>
  <datafield tag="338" ind1=" " ind2=" ">
    <subfield code="b">nc</subfield>
  </datafield>
  <datafield tag="689" ind1="0" ind2="0">
    <subfield code="a">Euregio</subfield>
    <subfield code="D">s</subfield>
    <subfield code="0">(DE-588)4549912-3</subfield>
    <subfield code="0">(uri) https://portal.dnb.de/opac.htm?method=simpleSearch&amp;cqlMode=true&amp;query=idn=956720129</subfield>
    <subfield code="0">(uri) http://viaf.org/viaf/sourceID/DNB|956720129</subfield>
  </datafield>
  <datafield tag="689" ind1="0" ind2="1">
    <subfield code="a">Rhein</subfield>
    <subfield code="D">g</subfield>
    <subfield code="0">(DE-588)4049739-2</subfield>
    <subfield code="0">(uri) https://portal.dnb.de/opac.htm?method=simpleSearch&amp;cqlMode=true&amp;query=idn=040497399</subfield>
    <subfield code="0">(uri) http://viaf.org/viaf/sourceID/DNB|040497399</subfield>
  </datafield>
  <datafield tag="689" ind1="0" ind2="2">
    <subfield code="a">Grenz&#xFC;berschreitende Kooperation</subfield>
    <subfield code="D">s</subfield>
    <subfield code="0">(DE-588)4194363-6</subfield>
    <subfield code="0">(uri) https://portal.dnb.de/opac.htm?method=simpleSearch&amp;cqlMode=true&amp;query=idn=041943635</subfield>
    <subfield code="0">(uri) http://viaf.org/viaf/sourceID/DNB|041943635</subfield>
  </datafield>
  <datafield tag="689" ind1="0" ind2="3">
    <subfield code="a">Geschichte 1958-2016</subfield>
    <subfield code="A">z</subfield>
  </datafield>
  <datafield tag="773" ind1="0" ind2="8">
    <subfield code="i">Enthalten in</subfield>
    <subfield code="t">&lt;&lt;Der&gt;&gt; Rhein / herausgegeben von/&#xE9;dit&#xE9; par H&#xE9;l&#xE8;ne Miard-Delacroix, Guido Thiemeyer</subfield>
    <subfield code="d">Stuttgart, 2018</subfield>
    <subfield code="g">Seite 219-231</subfield>
    <subfield code="k">Schriftenreihe des deutsch-franz&#xF6;sischen Historikerkomitees ; Band 14</subfield>
    <subfield code="w">(DE-605)HT019807972</subfield>
  </datafield>
  <datafield tag="960" ind1="1" ind2=" ">
    <subfield code="n">NWBib-61</subfield>
  </datafield>
  <datafield tag="964" ind1="0" ind2="s">
    <subfield code="F">030</subfield>
    <subfield code="A">a|zur||||||17</subfield>
  </datafield>
  <datafield tag="964" ind1="0" ind2="s">
    <subfield code="F">050</subfield>
    <subfield code="A">a|||||||||||||</subfield>
  </datafield>
  <datafield tag="964" ind1="0" ind2="s">
    <subfield code="F">051</subfield>
    <subfield code="A">at||||||</subfield>
  </datafield>
  <datafield tag="035" ind1=" " ind2=" ">
    <subfield code="a">(DE-599)HBZHT019868557</subfield>
  </datafield>
  <datafield tag="MBD" ind1=" " ind2=" ">
    <subfield code="M">49HBZ_NETWORK</subfield>
    <subfield code="i">990226763120206441</subfield>
    <subfield code="n">HBZ Network</subfield>
  </datafield>
  <datafield tag="MNG" ind1=" " ind2=" ">
    <subfield code="c">System</subfield>
    <subfield code="f">ILS</subfield>
    <subfield code="i">marc21</subfield>
    <subfield code="k">01</subfield>
    <subfield code="e">false</subfield>
    <subfield code="d">2022-03-29 04:10:37 Europe/Berlin</subfield>
    <subfield code="g">022676312-HBZ01</subfield>
    <subfield code="j">60</subfield>
    <subfield code="a">import</subfield>
    <subfield code="b">2021-04-05 21:27:00 Europe/Berlin</subfield>
  </datafield>
</record>