
<record>
  <leader>00000nas a2200000 c 4500</leader>
  <controlfield tag="001">99370682219806441</controlfield>
  <controlfield tag="005">20200929163342.0</controlfield>
  <controlfield tag="007">cr||||||||||||</controlfield>
  <controlfield tag="008">131210c20069999gw q||p|o ||| 0||||1ger c</controlfield>
  <datafield tag="016" ind1="7" ind2=" ">
    <subfield code="2">DE-101</subfield>
    <subfield code="a">1045213144</subfield>
  </datafield>
  <datafield tag="016" ind1="7" ind2=" ">
    <subfield code="2">DE-600</subfield>
    <subfield code="a">2745694-8</subfield>
  </datafield>
  <datafield tag="024" ind1="7" ind2=" ">
    <subfield code="2">urn</subfield>
    <subfield code="a">urn:nbn:de:bsz:14-qucosa2-386112</subfield>
  </datafield>
  <datafield tag="035" ind1=" " ind2=" ">
    <subfield code="a">(CKB)5280000000199164</subfield>
  </datafield>
  <datafield tag="035" ind1=" " ind2=" ">
    <subfield code="a">(DE-599)ZDB2745694-8</subfield>
  </datafield>
  <datafield tag="035" ind1=" " ind2=" ">
    <subfield code="a">(OCoLC)864921933</subfield>
    <subfield code="0">(uri) http://www.worldcat.org/oclc/864921933</subfield>
  </datafield>
  <datafield tag="035" ind1=" " ind2=" ">
    <subfield code="a">(DE-101)1045213144</subfield>
  </datafield>
  <datafield tag="035" ind1=" " ind2=" ">
    <subfield code="a">(EXLCZ)995280000000199164</subfield>
  </datafield>
  <datafield tag="040" ind1=" " ind2=" ">
    <subfield code="a">0355</subfield>
    <subfield code="b">ger</subfield>
    <subfield code="c">DE-101</subfield>
    <subfield code="d">9001</subfield>
  </datafield>
  <datafield tag="041" ind1=" " ind2=" ">
    <subfield code="a">ger</subfield>
  </datafield>
  <datafield tag="044" ind1=" " ind2=" ">
    <subfield code="c">XA-DE</subfield>
  </datafield>
  <datafield tag="082" ind1="7" ind2="4">
    <subfield code="a">230</subfield>
    <subfield code="q">DE-600</subfield>
    <subfield code="2">23sdnb</subfield>
  </datafield>
  <datafield tag="090" ind1=" " ind2=" ">
    <subfield code="n">la</subfield>
  </datafield>
  <datafield tag="245" ind1="0" ind2="0">
    <subfield code="a">Kirche weltweit</subfield>
    <subfield code="b">Mitteilungsblatt des Leipziger Missionswerkes der Evangelisch-Lutherischen Landeskirche Sachsens und der Evangelischen Kirche in Mitteldeutschland</subfield>
    <subfield code="c">Herausgeber: Evangelisch-Lutherisches Missionswerk Leipzig e.V. (LMW)</subfield>
  </datafield>
  <datafield tag="246" ind1=" " ind2=" ">
    <subfield code="a">Kirche weltweit </subfield>
  </datafield>
  <datafield tag="246" ind1="1" ind2=" ">
    <subfield code="i">Titelzusatz fru&#x308;her</subfield>
    <subfield code="a">Mitteilungsblatt des Leipziger Missionswerkes der Evangelisch-Lutherischen Landeskirchen Mecklenburgs, Sachsens, Thu&#x308;ringens</subfield>
  </datafield>
  <datafield tag="264" ind1="3" ind2="1">
    <subfield code="a">Leipzig</subfield>
    <subfield code="b">Evangelisch-Lutherisches Missionswerk Leipzig e.V. (LMW)</subfield>
    <subfield code="a">[Dresden]</subfield>
    <subfield code="b">SLUB</subfield>
    <subfield code="c">[2006]-</subfield>
  </datafield>
  <datafield tag="300" ind1=" " ind2=" ">
    <subfield code="a">Online-Ressource</subfield>
  </datafield>
  <datafield tag="336" ind1=" " ind2=" ">
    <subfield code="a">Text</subfield>
    <subfield code="b">txt</subfield>
    <subfield code="2">rdacontent</subfield>
  </datafield>
  <datafield tag="337" ind1=" " ind2=" ">
    <subfield code="a">Computermedien</subfield>
    <subfield code="b">c</subfield>
    <subfield code="2">rdamedia</subfield>
  </datafield>
  <datafield tag="338" ind1=" " ind2=" ">
    <subfield code="a">Online-Ressource</subfield>
    <subfield code="b">cr</subfield>
    <subfield code="2">rdacarrier</subfield>
  </datafield>
  <datafield tag="362" ind1="0" ind2=" ">
    <subfield code="a">Nachgewiesen 2006 -</subfield>
  </datafield>
  <datafield tag="363" ind1="0" ind2="1">
    <subfield code="8">1.1\x</subfield>
    <subfield code="i">2006</subfield>
  </datafield>
  <datafield tag="500" ind1=" " ind2=" ">
    <subfield code="a">Gesehen am 29.09.2020</subfield>
  </datafield>
  <datafield tag="515" ind1=" " ind2=" ">
    <subfield code="a">Ersch. viertelja&#x308;hrl.</subfield>
  </datafield>
  <datafield tag="583" ind1="1" ind2=" ">
    <subfield code="a">Archivierung/Langzeitarchivierung gewa&#x308;hrleistet</subfield>
    <subfield code="5">DE-14</subfield>
    <subfield code="2">pdager</subfield>
  </datafield>
  <datafield tag="610" ind1="2" ind2="7">
    <subfield code="0">(DE-588)2010043-7</subfield>
    <subfield code="0">https://d-nb.info/gnd/2010043-7</subfield>
    <subfield code="0">(DE-101)004696093</subfield>
    <subfield code="a">Evangelisch-Lutherische Landeskirche Sachsens</subfield>
    <subfield code="2">gnd</subfield>
    <subfield code="0">(uri) https://portal.dnb.de/opac.htm?method=simpleSearch&amp;cqlMode=true&amp;query=idn=004696093</subfield>
    <subfield code="0">(uri) http://viaf.org/viaf/sourceID/DNB|004696093</subfield>
  </datafield>
  <datafield tag="650" ind1=" " ind2="7">
    <subfield code="0">(DE-588)4170147-1</subfield>
    <subfield code="0">https://d-nb.info/gnd/4170147-1</subfield>
    <subfield code="0">(DE-101)04170147X</subfield>
    <subfield code="a">Missionsgesellschaft</subfield>
    <subfield code="2">gnd</subfield>
    <subfield code="0">(uri) https://portal.dnb.de/opac.htm?method=simpleSearch&amp;cqlMode=true&amp;query=idn=04170147X</subfield>
    <subfield code="0">(uri) http://viaf.org/viaf/sourceID/DNB|04170147X</subfield>
  </datafield>
  <datafield tag="650" ind1=" " ind2="7">
    <subfield code="0">(DE-588)4170147-1</subfield>
    <subfield code="0">https://d-nb.info/gnd/4170147-1</subfield>
    <subfield code="0">(DE-101)04170147X</subfield>
    <subfield code="a">Missionsgesellschaft</subfield>
    <subfield code="2">gnd</subfield>
    <subfield code="0">(uri) https://portal.dnb.de/opac.htm?method=simpleSearch&amp;cqlMode=true&amp;query=idn=04170147X</subfield>
    <subfield code="0">(uri) http://viaf.org/viaf/sourceID/DNB|04170147X</subfield>
  </datafield>
  <datafield tag="655" ind1=" " ind2="7">
    <subfield code="0">(DE-588)4067488-5</subfield>
    <subfield code="0">https://d-nb.info/gnd/4067488-5</subfield>
    <subfield code="0">(DE-101)040674886</subfield>
    <subfield code="a">Zeitschrift</subfield>
    <subfield code="2">gnd-content</subfield>
  </datafield>
  <datafield tag="655" ind1=" " ind2="7">
    <subfield code="a">Zeitschrift</subfield>
    <subfield code="2">gnd</subfield>
  </datafield>
  <datafield tag="655" ind1=" " ind2="7">
    <subfield code="a">Zeitschrift</subfield>
    <subfield code="2">gnd</subfield>
  </datafield>
  <datafield tag="689" ind1="0" ind2="0">
    <subfield code="0">(DE-588)4170147-1</subfield>
    <subfield code="0">https://d-nb.info/gnd/4170147-1</subfield>
    <subfield code="0">(DE-101)04170147X</subfield>
    <subfield code="D">s</subfield>
    <subfield code="a">Missionsgesellschaft</subfield>
    <subfield code="0">(uri) https://portal.dnb.de/opac.htm?method=simpleSearch&amp;cqlMode=true&amp;query=idn=04170147X</subfield>
    <subfield code="0">(uri) http://viaf.org/viaf/sourceID/DNB|04170147X</subfield>
  </datafield>
  <datafield tag="689" ind1="0" ind2="1">
    <subfield code="A">f</subfield>
    <subfield code="a">Zeitschrift</subfield>
  </datafield>
  <datafield tag="689" ind1="0" ind2=" ">
    <subfield code="5">DE-600</subfield>
    <subfield code="5">DE-600</subfield>
  </datafield>
  <datafield tag="689" ind1="1" ind2="0">
    <subfield code="0">(DE-588)2010043-7</subfield>
    <subfield code="0">https://d-nb.info/gnd/2010043-7</subfield>
    <subfield code="0">(DE-101)004696093</subfield>
    <subfield code="D">b</subfield>
    <subfield code="a">Evangelisch-Lutherische Landeskirche Sachsens</subfield>
    <subfield code="0">(uri) https://portal.dnb.de/opac.htm?method=simpleSearch&amp;cqlMode=true&amp;query=idn=004696093</subfield>
    <subfield code="0">(uri) http://viaf.org/viaf/sourceID/DNB|004696093</subfield>
  </datafield>
  <datafield tag="689" ind1="1" ind2="1">
    <subfield code="0">(DE-588)4170147-1</subfield>
    <subfield code="0">https://d-nb.info/gnd/4170147-1</subfield>
    <subfield code="0">(DE-101)04170147X</subfield>
    <subfield code="D">s</subfield>
    <subfield code="a">Missionsgesellschaft</subfield>
    <subfield code="0">(uri) https://portal.dnb.de/opac.htm?method=simpleSearch&amp;cqlMode=true&amp;query=idn=04170147X</subfield>
    <subfield code="0">(uri) http://viaf.org/viaf/sourceID/DNB|04170147X</subfield>
  </datafield>
  <datafield tag="689" ind1="1" ind2="2">
    <subfield code="A">f</subfield>
    <subfield code="a">Zeitschrift</subfield>
  </datafield>
  <datafield tag="689" ind1="1" ind2=" ">
    <subfield code="5">DE-600</subfield>
    <subfield code="5">DE-600</subfield>
  </datafield>
  <datafield tag="710" ind1="2" ind2=" ">
    <subfield code="0">(DE-588)5500538-X</subfield>
    <subfield code="0">https://d-nb.info/gnd/5500538-X</subfield>
    <subfield code="0">(DE-101)960330615</subfield>
    <subfield code="a">Evangelisch-Lutherisches Missionswerk Leipzig</subfield>
    <subfield code="e">Herausgebendes Organ</subfield>
    <subfield code="4">isb</subfield>
    <subfield code="2">gnd</subfield>
    <subfield code="0">(uri) https://portal.dnb.de/opac.htm?method=simpleSearch&amp;cqlMode=true&amp;query=idn=960330615</subfield>
    <subfield code="0">(uri) http://viaf.org/viaf/sourceID/DNB|960330615</subfield>
  </datafield>
  <datafield tag="850" ind1=" " ind2=" ">
    <subfield code="a">DE-101a</subfield>
  </datafield>
  <datafield tag="906" ind1=" " ind2=" ">
    <subfield code="a">JOURNAL</subfield>
  </datafield>
  <datafield tag="MBD" ind1=" " ind2=" ">
    <subfield code="M">49HBZ_NETWORK</subfield>
    <subfield code="i">99370682219806441</subfield>
    <subfield code="n">HBZ Network</subfield>
  </datafield>
  <datafield tag="MBD" ind1=" " ind2=" ">
    <subfield code="M">49HBZ_FUH</subfield>
    <subfield code="i">99381842456506464</subfield>
    <subfield code="n">Fernuniversit&#xE4;t Hagen</subfield>
  </datafield>
  <datafield tag="MBD" ind1=" " ind2=" ">
    <subfield code="M">49HBZ_RTU</subfield>
    <subfield code="i">992022039329107476</subfield>
    <subfield code="n">Rheinisch Technische Universit&#xE4;t</subfield>
  </datafield>
  <datafield tag="MBD" ind1=" " ind2=" ">
    <subfield code="M">49HBZ_ULM</subfield>
    <subfield code="i">991044842060806449</subfield>
    <subfield code="n">Universit&#xE4;t M&#xFC;nster</subfield>
  </datafield>
  <datafield tag="MBD" ind1=" " ind2=" ">
    <subfield code="M">49HBZ_PAD</subfield>
    <subfield code="i">9925047386306463</subfield>
    <subfield code="n">Universit&#xE4;tsbibliothek Paderborn</subfield>
  </datafield>
  <datafield tag="MBD" ind1=" " ind2=" ">
    <subfield code="M">49HBZ_UDE</subfield>
    <subfield code="i">99206357887606446</subfield>
    <subfield code="n">Universit&#xE4;t Duisburg-Essen</subfield>
  </datafield>
  <datafield tag="MBD" ind1=" " ind2=" ">
    <subfield code="M">49HBZ_DUE</subfield>
    <subfield code="i">9947420472406443</subfield>
    <subfield code="n">Universit&#xE4;t D&#xFC;sseldorf</subfield>
  </datafield>
  <datafield tag="MNG" ind1=" " ind2=" ">
    <subfield code="c">Ex Libris</subfield>
    <subfield code="f">CKB</subfield>
    <subfield code="i">marc21</subfield>
    <subfield code="e">false</subfield>
    <subfield code="d">2021-04-19 19:54:29 Europe/Berlin</subfield>
    <subfield code="g">995280000000199164</subfield>
    <subfield code="a">CKB</subfield>
    <subfield code="b">2021-04-19 19:54:29 Europe/Berlin</subfield>
  </datafield>
  <datafield tag="POR" ind1=" " ind2=" ">
    <subfield code="j">Ezb</subfield>
    <subfield code="x">System</subfield>
    <subfield code="a">53141951140006464</subfield>
    <subfield code="h">EZProxy</subfield>
    <subfield code="M">49HBZ_FUH</subfield>
    <subfield code="p">61136607210006464</subfield>
    <subfield code="q">EZB-FREE-00999 freely available EZB journals</subfield>
    <subfield code="c">param</subfield>
    <subfield code="o">615280000000001088</subfield>
    <subfield code="y">2022-07-05 10:33:09 Europe/Berlin</subfield>
    <subfield code="w">2022-07-05 10:33:03 Europe/Berlin</subfield>
    <subfield code="D">https://eu04.alma.exlibrisgroup.com/view/uresolver/49HBZ_NETWORK/openurl?u.ignore_date_coverage=true&amp;portfolio_pid=53141951140006464&amp;Force_direct=true</subfield>
    <subfield code="v">NON_SFX_CREATOR</subfield>
    <subfield code="z">2022-07-05 08:33:03</subfield>
    <subfield code="n"> Available from 2006 issue: 1.</subfield>
    <subfield code="i">true</subfield>
    <subfield code="S">62136607200006464</subfield>
    <subfield code="d">https://hbz-network.userservices.exlibrisgroup.com/view/uresolver/49HBZ_NETWORK/openurl?u.ignore_date_coverage=true&amp;rft.mms_id=99381842456506464</subfield>
    <subfield code="b">Available</subfield>
    <subfield code="f">JOURNAL</subfield>
    <subfield code="8">53141951140006464</subfield>
  </datafield>
  <datafield tag="POC" ind1=" " ind2=" ">
    <subfield code="a">53141951140006464</subfield>
    <subfield code="b">2006</subfield>
    <subfield code="d">1</subfield>
    <subfield code="f">1</subfield>
    <subfield code="j">1</subfield>
  </datafield>
  <datafield tag="POR" ind1=" " ind2=" ">
    <subfield code="j">Ezb</subfield>
    <subfield code="x">System</subfield>
    <subfield code="a">53118085990007476</subfield>
    <subfield code="M">49HBZ_RTU</subfield>
    <subfield code="p">61116949210007476</subfield>
    <subfield code="q">Frei zug&#xE4;ngliche E-Journals (Freely available e-journals)</subfield>
    <subfield code="c">param</subfield>
    <subfield code="o">615280000000001088</subfield>
    <subfield code="y">2022-09-21 11:50:22 Europe/Berlin</subfield>
    <subfield code="w">2022-09-21 11:50:22 Europe/Berlin</subfield>
    <subfield code="D">https://eu04.alma.exlibrisgroup.com/view/uresolver/49HBZ_NETWORK/openurl?u.ignore_date_coverage=true&amp;portfolio_pid=53118085990007476&amp;Force_direct=true</subfield>
    <subfield code="v">System</subfield>
    <subfield code="z">2022-09-21 09:50:22</subfield>
    <subfield code="n"> Available from 2006 issue: 1.</subfield>
    <subfield code="i">false</subfield>
    <subfield code="S">62116949200007476</subfield>
    <subfield code="d">https://hbz-network.userservices.exlibrisgroup.com/view/uresolver/49HBZ_NETWORK/openurl?u.ignore_date_coverage=true&amp;rft.mms_id=992022039329107476</subfield>
    <subfield code="b">Available</subfield>
    <subfield code="f">JOURNAL</subfield>
    <subfield code="8">53118085990007476</subfield>
  </datafield>
  <datafield tag="POC" ind1=" " ind2=" ">
    <subfield code="a">53118085990007476</subfield>
    <subfield code="b">2006</subfield>
    <subfield code="d">1</subfield>
    <subfield code="f">1</subfield>
    <subfield code="j">1</subfield>
  </datafield>
  <datafield tag="POR" ind1=" " ind2=" ">
    <subfield code="j">Ezb</subfield>
    <subfield code="x">System</subfield>
    <subfield code="a">53629253910006449</subfield>
    <subfield code="M">49HBZ_ULM</subfield>
    <subfield code="p">61626439470006449</subfield>
    <subfield code="q">EZB-FREE-00999 freely available EZB journals</subfield>
    <subfield code="c">param</subfield>
    <subfield code="o">615280000000001088</subfield>
    <subfield code="y">2022-07-19 22:22:31 Europe/Berlin</subfield>
    <subfield code="w">2022-07-19 22:22:25 Europe/Berlin</subfield>
    <subfield code="D">https://eu04.alma.exlibrisgroup.com/view/uresolver/49HBZ_NETWORK/openurl?u.ignore_date_coverage=true&amp;portfolio_pid=53629253910006449&amp;Force_direct=true</subfield>
    <subfield code="v">NON_SFX_CREATOR</subfield>
    <subfield code="z">2022-07-19 20:22:25</subfield>
    <subfield code="n"> Available from 2006 issue: 1.</subfield>
    <subfield code="i">false</subfield>
    <subfield code="S">62626439460006449</subfield>
    <subfield code="d">https://hbz-network.userservices.exlibrisgroup.com/view/uresolver/49HBZ_NETWORK/openurl?u.ignore_date_coverage=true&amp;rft.mms_id=991044842060806449</subfield>
    <subfield code="b">Available</subfield>
    <subfield code="f">JOURNAL</subfield>
    <subfield code="8">53629253910006449</subfield>
  </datafield>
  <datafield tag="POC" ind1=" " ind2=" ">
    <subfield code="a">53629253910006449</subfield>
    <subfield code="b">2006</subfield>
    <subfield code="d">1</subfield>
    <subfield code="f">1</subfield>
    <subfield code="j">1</subfield>
  </datafield>
  <datafield tag="POR" ind1=" " ind2=" ">
    <subfield code="j">Ezb</subfield>
    <subfield code="x">System</subfield>
    <subfield code="a">53173949130006463</subfield>
    <subfield code="M">49HBZ_PAD</subfield>
    <subfield code="p">61165839590006463</subfield>
    <subfield code="q">In der EZB frei verf&#xFC;gbare Zeitschriften</subfield>
    <subfield code="c">param</subfield>
    <subfield code="o">615280000000001088</subfield>
    <subfield code="y">2022-08-03 12:04:59 Europe/Berlin</subfield>
    <subfield code="w">2022-08-03 12:04:59 Europe/Berlin</subfield>
    <subfield code="D">https://eu04.alma.exlibrisgroup.com/view/uresolver/49HBZ_NETWORK/openurl?u.ignore_date_coverage=true&amp;portfolio_pid=53173949130006463&amp;Force_direct=true</subfield>
    <subfield code="v">System</subfield>
    <subfield code="z">2022-08-03 10:04:59</subfield>
    <subfield code="n"> Available from 2006 issue: 1.</subfield>
    <subfield code="i">false</subfield>
    <subfield code="S">62165839580006463</subfield>
    <subfield code="d">https://hbz-network.userservices.exlibrisgroup.com/view/uresolver/49HBZ_NETWORK/openurl?u.ignore_date_coverage=true&amp;rft.mms_id=9925047386306463</subfield>
    <subfield code="b">Available</subfield>
    <subfield code="f">JOURNAL</subfield>
    <subfield code="8">53173949130006463</subfield>
  </datafield>
  <datafield tag="POC" ind1=" " ind2=" ">
    <subfield code="a">53173949130006463</subfield>
    <subfield code="b">2006</subfield>
    <subfield code="d">1</subfield>
    <subfield code="f">1</subfield>
    <subfield code="j">1</subfield>
  </datafield>
  <datafield tag="POR" ind1=" " ind2=" ">
    <subfield code="j">Ezb</subfield>
    <subfield code="x">System</subfield>
    <subfield code="a">53439629560006446</subfield>
    <subfield code="M">49HBZ_UDE</subfield>
    <subfield code="p">61436539580006446</subfield>
    <subfield code="q">Zu den frei zug&#xE4;ngliche Zeitschriften aus der EZB</subfield>
    <subfield code="c">param</subfield>
    <subfield code="o">615280000000001088</subfield>
    <subfield code="y">2021-04-16 15:47:20 Europe/Berlin</subfield>
    <subfield code="w">2021-04-16 15:47:13 Europe/Berlin</subfield>
    <subfield code="D">https://eu04.alma.exlibrisgroup.com/view/uresolver/49HBZ_NETWORK/openurl?u.ignore_date_coverage=true&amp;portfolio_pid=53439629560006446&amp;Force_direct=true</subfield>
    <subfield code="v">NON_SFX_CREATOR</subfield>
    <subfield code="z">2021-04-16 13:47:13</subfield>
    <subfield code="n"> Available from 2006 issue: 1.</subfield>
    <subfield code="i">false</subfield>
    <subfield code="S">62436539570006446</subfield>
    <subfield code="d">https://hbz-network.userservices.exlibrisgroup.com/view/uresolver/49HBZ_NETWORK/openurl?u.ignore_date_coverage=true&amp;rft.mms_id=99206357887606446</subfield>
    <subfield code="b">Available</subfield>
    <subfield code="f">JOURNAL</subfield>
    <subfield code="8">53439629560006446</subfield>
  </datafield>
  <datafield tag="POC" ind1=" " ind2=" ">
    <subfield code="a">53439629560006446</subfield>
    <subfield code="b">2006</subfield>
    <subfield code="d">1</subfield>
    <subfield code="f">1</subfield>
    <subfield code="j">1</subfield>
  </datafield>
  <datafield tag="POR" ind1=" " ind2=" ">
    <subfield code="j">Ezb</subfield>
    <subfield code="x">System</subfield>
    <subfield code="a">53354962310006443</subfield>
    <subfield code="M">49HBZ_DUE</subfield>
    <subfield code="p">61352426420006443</subfield>
    <subfield code="q">EZB-FREE-00999 freely available EZB journals</subfield>
    <subfield code="c">param</subfield>
    <subfield code="o">615280000000001088</subfield>
    <subfield code="y">2022-04-22 09:21:27 Europe/Berlin</subfield>
    <subfield code="w">2022-04-22 09:21:27 Europe/Berlin</subfield>
    <subfield code="D">https://eu04.alma.exlibrisgroup.com/view/uresolver/49HBZ_NETWORK/openurl?u.ignore_date_coverage=true&amp;portfolio_pid=53354962310006443&amp;Force_direct=true</subfield>
    <subfield code="v">System</subfield>
    <subfield code="z">2022-04-22 07:21:27</subfield>
    <subfield code="n"> Available from 2006 issue: 1.</subfield>
    <subfield code="i">false</subfield>
    <subfield code="S">62352426410006443</subfield>
    <subfield code="d">https://hbz-network.userservices.exlibrisgroup.com/view/uresolver/49HBZ_NETWORK/openurl?u.ignore_date_coverage=true&amp;rft.mms_id=9947420472406443</subfield>
    <subfield code="b">Available</subfield>
    <subfield code="f">JOURNAL</subfield>
    <subfield code="8">53354962310006443</subfield>
  </datafield>
  <datafield tag="POC" ind1=" " ind2=" ">
    <subfield code="a">53354962310006443</subfield>
    <subfield code="b">2006</subfield>
    <subfield code="d">1</subfield>
    <subfield code="f">1</subfield>
    <subfield code="j">1</subfield>
  </datafield>
</record>