
<record>
  <leader>02304nam a22005413u 4500</leader>
  <controlfield tag="001">99370746459806441</controlfield>
  <controlfield tag="005">20210106234307.0</controlfield>
  <controlfield tag="006">m        d        </controlfield>
  <controlfield tag="007">cr -n---------</controlfield>
  <controlfield tag="008">140113s2000|||||||     s|||||||||||eng|d</controlfield>
  <datafield tag="020" ind1=" " ind2=" ">
    <subfield code="a">1-283-52654-9</subfield>
  </datafield>
  <datafield tag="020" ind1=" " ind2=" ">
    <subfield code="a">9786613838995</subfield>
  </datafield>
  <datafield tag="020" ind1=" " ind2=" ">
    <subfield code="a">0-08-095754-4</subfield>
  </datafield>
  <datafield tag="035" ind1=" " ind2=" ">
    <subfield code="a">(CKB)2550000000015245</subfield>
  </datafield>
  <datafield tag="035" ind1=" " ind2=" ">
    <subfield code="a">(EBL)579249</subfield>
  </datafield>
  <datafield tag="035" ind1=" " ind2=" ">
    <subfield code="a">(OCoLC)813230019</subfield>
    <subfield code="0">(uri) http://www.worldcat.org/oclc/813230019</subfield>
  </datafield>
  <datafield tag="035" ind1=" " ind2=" ">
    <subfield code="a">(SSID)ssj0001650059</subfield>
  </datafield>
  <datafield tag="035" ind1=" " ind2=" ">
    <subfield code="a">(PQKBManifestationID)16423152</subfield>
  </datafield>
  <datafield tag="035" ind1=" " ind2=" ">
    <subfield code="a">(PQKBTitleCode)TC0001650059</subfield>
  </datafield>
  <datafield tag="035" ind1=" " ind2=" ">
    <subfield code="a">(PQKBWorkID)14975792</subfield>
  </datafield>
  <datafield tag="035" ind1=" " ind2=" ">
    <subfield code="a">(PQKB)11714119</subfield>
  </datafield>
  <datafield tag="035" ind1=" " ind2=" ">
    <subfield code="a">(MiAaPQ)EBC579249</subfield>
  </datafield>
  <datafield tag="035" ind1=" " ind2=" ">
    <subfield code="a">(EXLCZ)992550000000015245</subfield>
  </datafield>
  <datafield tag="040" ind1=" " ind2=" ">
    <subfield code="a">AU-PeEL</subfield>
    <subfield code="b">eng</subfield>
    <subfield code="c">AU-PeEL</subfield>
    <subfield code="d">AU-PeEL</subfield>
  </datafield>
  <datafield tag="041" ind1=" " ind2=" ">
    <subfield code="a">eng</subfield>
  </datafield>
  <datafield tag="050" ind1=" " ind2="4">
    <subfield code="a">QA248</subfield>
  </datafield>
  <datafield tag="082" ind1="0" ind2="0">
    <subfield code="a">511.3/05</subfield>
    <subfield code="a">511.322</subfield>
  </datafield>
  <datafield tag="100" ind1="1" ind2=" ">
    <subfield code="a">Rubin, Herman.</subfield>
  </datafield>
  <datafield tag="245" ind1="1" ind2="0">
    <subfield code="a">Equivalents of the axiom of choice</subfield>
    <subfield code="h">[electronic resource].</subfield>
  </datafield>
  <datafield tag="246" ind1=" " ind2=" ">
    <subfield code="a">Studies in Logic and the Foundations of Mathematics </subfield>
  </datafield>
  <datafield tag="260" ind1=" " ind2=" ">
    <subfield code="a">Burlington :</subfield>
    <subfield code="b">Elsevier Science,</subfield>
    <subfield code="c">2000.</subfield>
  </datafield>
  <datafield tag="300" ind1=" " ind2=" ">
    <subfield code="a">1 online resource (159 p.)</subfield>
  </datafield>
  <datafield tag="336" ind1=" " ind2=" ">
    <subfield code="a">text</subfield>
    <subfield code="b">txt</subfield>
  </datafield>
  <datafield tag="337" ind1=" " ind2=" ">
    <subfield code="a">computer</subfield>
    <subfield code="b">c</subfield>
  </datafield>
  <datafield tag="338" ind1=" " ind2=" ">
    <subfield code="a">online resource</subfield>
    <subfield code="b">cr</subfield>
  </datafield>
  <datafield tag="490" ind1="1" ind2=" ">
    <subfield code="a">Studies in logic and the foundations of mathematics</subfield>
  </datafield>
  <datafield tag="500" ind1=" " ind2=" ">
    <subfield code="a">Description based upon print version of record.</subfield>
  </datafield>
  <datafield tag="505" ind1="0" ind2=" ">
    <subfield code="a">Front Cover; Equivalents of the Axiom of Choice; Copyright Page; Table of Contents; Preface; Introduction; Preliminary definitions and theorems; Part I: Set Forms; 1 . The Well-Ordering Theorem; 2. The Axiom of Choice; 3. The Law of the Trichotomy; 4. Maximal Principles; 5. Algebraic Forms; 6. Cardinal Number Forms; 7. Additional Forms; Part II: Class Forms; I. The Well-Ordering Theorem; 2. The Axiom of Choice; 3. Maximal Principles; 4. Additional Forms; List of the Set Forms; List of the Class Forms; List of Forms weaker than the Axiom of Choice; Bibliography</subfield>
  </datafield>
  <datafield tag="505" ind1="8" ind2=" ">
    <subfield code="a">Index of Special Letters and SymbolsIndex of technical terms</subfield>
  </datafield>
  <datafield tag="520" ind1=" " ind2=" ">
    <subfield code="a">Provability, Computability and Reflection</subfield>
  </datafield>
  <datafield tag="546" ind1=" " ind2=" ">
    <subfield code="a">English</subfield>
  </datafield>
  <datafield tag="650" ind1=" " ind2="4">
    <subfield code="a">Axiom of choice.</subfield>
  </datafield>
  <datafield tag="650" ind1=" " ind2="4">
    <subfield code="a">Logic, Symbolic and mathematical -- Periodicals.</subfield>
  </datafield>
  <datafield tag="650" ind1=" " ind2="4">
    <subfield code="a">Logic, Symbolic and mathematical.</subfield>
  </datafield>
  <datafield tag="655" ind1=" " ind2="0">
    <subfield code="a">Electronic books.</subfield>
  </datafield>
  <datafield tag="700" ind1="1" ind2=" ">
    <subfield code="a">Rubin, Jean.</subfield>
  </datafield>
  <datafield tag="776" ind1=" " ind2=" ">
    <subfield code="z">0-444-53399-0</subfield>
    <subfield code="0">(uri) http://www.isbnsearch.org/isbn/0-444-53399-0</subfield>
  </datafield>
  <datafield tag="830" ind1=" " ind2="0">
    <subfield code="a">Studies in logic and the foundations of mathematics</subfield>
  </datafield>
  <datafield tag="906" ind1=" " ind2=" ">
    <subfield code="a">BOOK</subfield>
  </datafield>
  <datafield tag="MBD" ind1=" " ind2=" ">
    <subfield code="M">49HBZ_NETWORK</subfield>
    <subfield code="i">99370746459806441</subfield>
    <subfield code="n">HBZ Network</subfield>
  </datafield>
  <datafield tag="MBD" ind1=" " ind2=" ">
    <subfield code="M">49HBZ_FSW</subfield>
    <subfield code="i">9916225129906461</subfield>
    <subfield code="n">Fachhochschule S&#xFC;dwestfalen</subfield>
  </datafield>
  <datafield tag="MBD" ind1=" " ind2=" ">
    <subfield code="M">49HBZ_FHA</subfield>
    <subfield code="i">991005834559706444</subfield>
    <subfield code="n">Hochschulbibliothek der FH Aachen</subfield>
  </datafield>
  <datafield tag="MBD" ind1=" " ind2=" ">
    <subfield code="M">49HBZ_UBA</subfield>
    <subfield code="i">991025971963706448</subfield>
    <subfield code="n">RWTH Aachen</subfield>
  </datafield>
  <datafield tag="MBD" ind1=" " ind2=" ">
    <subfield code="M">49HBZ_PAD</subfield>
    <subfield code="i">9925022310406463</subfield>
    <subfield code="n">Universit&#xE4;tsbibliothek Paderborn</subfield>
  </datafield>
  <datafield tag="MBD" ind1=" " ind2=" ">
    <subfield code="M">49HBZ_BIE</subfield>
    <subfield code="i">991025844579206442</subfield>
    <subfield code="n">Universit&#xE4;t Bielefeld</subfield>
  </datafield>
  <datafield tag="MBD" ind1=" " ind2=" ">
    <subfield code="M">49HBZ_UDE</subfield>
    <subfield code="i">99207421662506446</subfield>
    <subfield code="n">Universit&#xE4;t Duisburg-Essen</subfield>
  </datafield>
  <datafield tag="MBD" ind1=" " ind2=" ">
    <subfield code="M">49HBZ_DUE</subfield>
    <subfield code="i">9947483286906443</subfield>
    <subfield code="n">Universit&#xE4;t D&#xFC;sseldorf</subfield>
  </datafield>
  <datafield tag="MNG" ind1=" " ind2=" ">
    <subfield code="c">Ex Libris</subfield>
    <subfield code="f">PQNKB</subfield>
    <subfield code="i">marc21</subfield>
    <subfield code="e">false</subfield>
    <subfield code="d">2021-04-29 22:27:47 Europe/Berlin</subfield>
    <subfield code="g">992550000000015245</subfield>
    <subfield code="a">CKB</subfield>
    <subfield code="b">2021-04-29 22:27:47 Europe/Berlin</subfield>
  </datafield>
  <datafield tag="POR" ind1=" " ind2=" ">
    <subfield code="j">Elsevier ScienceDirect</subfield>
    <subfield code="x">System</subfield>
    <subfield code="a">5383525610006461</subfield>
    <subfield code="h">EZproxy</subfield>
    <subfield code="M">49HBZ_FSW</subfield>
    <subfield code="p">6183378410006461</subfield>
    <subfield code="q">Elsevier SD eBook - Freedom Collection Books Backlist [EBFCBBL]</subfield>
    <subfield code="c">param</subfield>
    <subfield code="o">615410000000001858</subfield>
    <subfield code="y">2022-08-04 13:16:33 Europe/Berlin</subfield>
    <subfield code="w">2022-08-04 13:16:33 Europe/Berlin</subfield>
    <subfield code="D">https://eu04.alma.exlibrisgroup.com/view/uresolver/49HBZ_NETWORK/openurl?u.ignore_date_coverage=true&amp;portfolio_pid=5383525610006461&amp;Force_direct=true</subfield>
    <subfield code="v">System</subfield>
    <subfield code="z">2022-08-04 11:16:33</subfield>
    <subfield code="i">true</subfield>
    <subfield code="S">6283378400006461</subfield>
    <subfield code="d">https://hbz-network.userservices.exlibrisgroup.com/view/uresolver/49HBZ_NETWORK/openurl?u.ignore_date_coverage=true&amp;rft.mms_id=9916225129906461</subfield>
    <subfield code="b">Available</subfield>
    <subfield code="f">BOOK</subfield>
    <subfield code="8">5383525610006461</subfield>
  </datafield>
  <datafield tag="POR" ind1=" " ind2=" ">
    <subfield code="j">Elsevier ScienceDirect</subfield>
    <subfield code="x">System</subfield>
    <subfield code="a">5389416920006444</subfield>
    <subfield code="M">49HBZ_FHA</subfield>
    <subfield code="p">6188838860006444</subfield>
    <subfield code="r">ELSEVIER</subfield>
    <subfield code="q">Elsevier ScienceDirect Books Complete</subfield>
    <subfield code="c">param</subfield>
    <subfield code="B">Enth&#xE4;lt die Reihe "Methods in Enzymology" und alle Titel, die im Rahmen der Evidence Based Selection bei Elsevier freigeschaltet werden. Gekaufte Titel werden mit den Titelaufnahmen aus der NZ angereichert.
2015/2016 Selection M&#xE4;rz 2015 - Februar 2016
2017/2018 M&#xE4;rz 2017 - Februar 2018
2020/2021 Selection 18.03.2020-17.03.2021
2021/2022 Selection 18.03.2021-17.03.2022
2022/2023 Selection  18.03.2022 - 30.04.2022
Danach voraussichtlich bis 30.04.2024 &#xFC;ber Ebooks nrw zur Verf&#xFC;gung gestellt.</subfield>
    <subfield code="o">613840000000000009</subfield>
    <subfield code="y">2021-04-29 19:11:13 Europe/Berlin</subfield>
    <subfield code="w">2021-04-29 19:10:12 Europe/Berlin</subfield>
    <subfield code="D">https://eu04.alma.exlibrisgroup.com/view/uresolver/49HBZ_NETWORK/openurl?u.ignore_date_coverage=true&amp;portfolio_pid=5389416920006444&amp;Force_direct=true</subfield>
    <subfield code="s">Elsevier</subfield>
    <subfield code="v">System</subfield>
    <subfield code="z">2021-04-29 17:10:12</subfield>
    <subfield code="i">false</subfield>
    <subfield code="t">POL22-2770</subfield>
    <subfield code="S">6288838850006444</subfield>
    <subfield code="d">https://hbz-network.userservices.exlibrisgroup.com/view/uresolver/49HBZ_NETWORK/openurl?u.ignore_date_coverage=true&amp;rft.mms_id=991005834559706444</subfield>
    <subfield code="b">Available</subfield>
    <subfield code="f">BOOK</subfield>
    <subfield code="8">5389416920006444</subfield>
  </datafield>
  <datafield tag="POR" ind1=" " ind2=" ">
    <subfield code="j">Elsevier ScienceDirect</subfield>
    <subfield code="x">System</subfield>
    <subfield code="a">53268579950006448</subfield>
    <subfield code="M">49HBZ_UBA</subfield>
    <subfield code="p">61268273920006448</subfield>
    <subfield code="q">Elsevier ScienceDirect Books Complete</subfield>
    <subfield code="c">param</subfield>
    <subfield code="o">613840000000000009</subfield>
    <subfield code="y">2022-08-04 17:03:35 Europe/Berlin</subfield>
    <subfield code="w">2022-08-04 17:02:52 Europe/Berlin</subfield>
    <subfield code="D">https://eu04.alma.exlibrisgroup.com/view/uresolver/49HBZ_NETWORK/openurl?u.ignore_date_coverage=true&amp;portfolio_pid=53268579950006448&amp;Force_direct=true</subfield>
    <subfield code="v">System</subfield>
    <subfield code="z">2022-08-04 15:02:52</subfield>
    <subfield code="i">false</subfield>
    <subfield code="S">62268273910006448</subfield>
    <subfield code="d">https://hbz-network.userservices.exlibrisgroup.com/view/uresolver/49HBZ_NETWORK/openurl?u.ignore_date_coverage=true&amp;rft.mms_id=991025971963706448</subfield>
    <subfield code="b">Available</subfield>
    <subfield code="f">BOOK</subfield>
    <subfield code="8">53268579950006448</subfield>
  </datafield>
  <datafield tag="POR" ind1=" " ind2=" ">
    <subfield code="j">Elsevier ScienceDirect</subfield>
    <subfield code="x">System</subfield>
    <subfield code="a">53166319790006463</subfield>
    <subfield code="M">49HBZ_PAD</subfield>
    <subfield code="p">61165840160006463</subfield>
    <subfield code="q">Elsevier Books AutoHoldings</subfield>
    <subfield code="c">param</subfield>
    <subfield code="o">613840000000000009</subfield>
    <subfield code="y">2022-08-01 15:10:54 Europe/Berlin</subfield>
    <subfield code="w">2022-08-01 15:10:05 Europe/Berlin</subfield>
    <subfield code="D">https://eu04.alma.exlibrisgroup.com/view/uresolver/49HBZ_NETWORK/openurl?u.ignore_date_coverage=true&amp;portfolio_pid=53166319790006463&amp;Force_direct=true</subfield>
    <subfield code="v">System</subfield>
    <subfield code="z">2022-08-01 13:10:05</subfield>
    <subfield code="i">false</subfield>
    <subfield code="S">62165840150006463</subfield>
    <subfield code="d">https://hbz-network.userservices.exlibrisgroup.com/view/uresolver/49HBZ_NETWORK/openurl?u.ignore_date_coverage=true&amp;rft.mms_id=9925022310406463</subfield>
    <subfield code="b">Available</subfield>
    <subfield code="f">BOOK</subfield>
    <subfield code="8">53166319790006463</subfield>
  </datafield>
  <datafield tag="POR" ind1=" " ind2=" ">
    <subfield code="j">Elsevier ScienceDirect</subfield>
    <subfield code="x">System</subfield>
    <subfield code="a">53347553910006442</subfield>
    <subfield code="M">49HBZ_BIE</subfield>
    <subfield code="p">61344587640006442</subfield>
    <subfield code="q">Elsevier SD eBook - Mathematics (Legacy 1) [EBCML1]</subfield>
    <subfield code="c">param</subfield>
    <subfield code="o">615410000000001880</subfield>
    <subfield code="y">2022-09-28 14:27:04 Europe/Berlin</subfield>
    <subfield code="w">2022-09-28 14:26:02 Europe/Berlin</subfield>
    <subfield code="D">https://eu04.alma.exlibrisgroup.com/view/uresolver/49HBZ_NETWORK/openurl?u.ignore_date_coverage=true&amp;portfolio_pid=53347553910006442&amp;Force_direct=true</subfield>
    <subfield code="v">System</subfield>
    <subfield code="z">2022-09-28 12:26:02</subfield>
    <subfield code="i">false</subfield>
    <subfield code="t">BIE-18587</subfield>
    <subfield code="S">62347517160006442</subfield>
    <subfield code="d">https://hbz-network.userservices.exlibrisgroup.com/view/uresolver/49HBZ_NETWORK/openurl?u.ignore_date_coverage=true&amp;rft.mms_id=991025844579206442</subfield>
    <subfield code="b">Available</subfield>
    <subfield code="f">BOOK</subfield>
    <subfield code="8">53347553910006442</subfield>
  </datafield>
  <datafield tag="POR" ind1=" " ind2=" ">
    <subfield code="j">Elsevier ScienceDirect</subfield>
    <subfield code="x">System</subfield>
    <subfield code="a">53325438890006442</subfield>
    <subfield code="M">49HBZ_BIE</subfield>
    <subfield code="p">61325258430006442</subfield>
    <subfield code="q">Elsevier SD eBook EBS 2022- Freedom Collection Books Backlist [EBFCBBL]</subfield>
    <subfield code="c">param</subfield>
    <subfield code="o">615410000000001858</subfield>
    <subfield code="y">2022-01-12 15:03:44 Europe/Berlin</subfield>
    <subfield code="w">2021-05-05 15:43:29 Europe/Berlin</subfield>
    <subfield code="D">https://eu04.alma.exlibrisgroup.com/view/uresolver/49HBZ_NETWORK/openurl?u.ignore_date_coverage=true&amp;portfolio_pid=53325438890006442&amp;Force_direct=true</subfield>
    <subfield code="v">System</subfield>
    <subfield code="z">2021-05-05 13:43:29</subfield>
    <subfield code="i">false</subfield>
    <subfield code="S">62325258420006442</subfield>
    <subfield code="d">https://hbz-network.userservices.exlibrisgroup.com/view/uresolver/49HBZ_NETWORK/openurl?u.ignore_date_coverage=true&amp;rft.mms_id=991025844579206442</subfield>
    <subfield code="b">Available</subfield>
    <subfield code="f">BOOK</subfield>
    <subfield code="8">53325438890006442</subfield>
  </datafield>
  <datafield tag="POR" ind1=" " ind2=" ">
    <subfield code="j">Elsevier ScienceDirect</subfield>
    <subfield code="x">System</subfield>
    <subfield code="a">53453590350006446</subfield>
    <subfield code="M">49HBZ_UDE</subfield>
    <subfield code="k">Zugriff f&#xFC;r autorisierte Nutzer:innen</subfield>
    <subfield code="p">61453514830006446</subfield>
    <subfield code="q">Elsevier ScienceDirect Books Complete</subfield>
    <subfield code="c">param</subfield>
    <subfield code="o">613840000000000009</subfield>
    <subfield code="y">2022-03-09 17:16:30 Europe/Berlin</subfield>
    <subfield code="w">2022-03-09 17:15:46 Europe/Berlin</subfield>
    <subfield code="D">https://eu04.alma.exlibrisgroup.com/view/uresolver/49HBZ_NETWORK/openurl?u.ignore_date_coverage=true&amp;portfolio_pid=53453590350006446&amp;Force_direct=true</subfield>
    <subfield code="v">System</subfield>
    <subfield code="z">2022-03-09 16:15:46</subfield>
    <subfield code="i">false</subfield>
    <subfield code="S">62453514820006446</subfield>
    <subfield code="d">https://hbz-network.userservices.exlibrisgroup.com/view/uresolver/49HBZ_NETWORK/openurl?u.ignore_date_coverage=true&amp;rft.mms_id=99207421662506446</subfield>
    <subfield code="b">Available</subfield>
    <subfield code="f">BOOK</subfield>
    <subfield code="8">53453590350006446</subfield>
  </datafield>
  <datafield tag="POR" ind1=" " ind2=" ">
    <subfield code="j">Elsevier ScienceDirect</subfield>
    <subfield code="x">System</subfield>
    <subfield code="a">53357474370006443</subfield>
    <subfield code="M">49HBZ_DUE</subfield>
    <subfield code="p">61357360770006443</subfield>
    <subfield code="q">Elsevier SD eBook - Freedom Collection Books Backlist [EBFCBBL]</subfield>
    <subfield code="c">param</subfield>
    <subfield code="B">HBZ EBA Elsevier eBooks EBS  Freedom Collection Backlist bis 30.04.24, als Ersatz f&#xFC;r die fehlende Bereitstellung durch das HBZ</subfield>
    <subfield code="o">615410000000001858</subfield>
    <subfield code="y">2022-06-08 14:59:02 Europe/Berlin</subfield>
    <subfield code="w">2022-06-08 14:59:02 Europe/Berlin</subfield>
    <subfield code="D">https://eu04.alma.exlibrisgroup.com/view/uresolver/49HBZ_NETWORK/openurl?u.ignore_date_coverage=true&amp;portfolio_pid=53357474370006443&amp;Force_direct=true</subfield>
    <subfield code="v">System</subfield>
    <subfield code="z">2022-06-08 12:59:02</subfield>
    <subfield code="i">false</subfield>
    <subfield code="S">62357360760006443</subfield>
    <subfield code="d">https://hbz-network.userservices.exlibrisgroup.com/view/uresolver/49HBZ_NETWORK/openurl?u.ignore_date_coverage=true&amp;rft.mms_id=9947483286906443</subfield>
    <subfield code="b">Available</subfield>
    <subfield code="f">BOOK</subfield>
    <subfield code="8">53357474370006443</subfield>
  </datafield>
</record>