
<record>
  <leader>02800nam  2200409 i 4500</leader>
  <controlfield tag="001">99370763433806441</controlfield>
  <controlfield tag="005">20220104185814.0</controlfield>
  <controlfield tag="006">m     o  d |      </controlfield>
  <controlfield tag="007">cr||||||||nn|n</controlfield>
  <controlfield tag="008">200930s2019    paua    ob    001 0 eng d</controlfield>
  <datafield tag="020" ind1=" " ind2=" ">
    <subfield code="a">0-271-08630-0</subfield>
    <subfield code="a">9780271086323</subfield>
  </datafield>
  <datafield tag="035" ind1=" " ind2=" ">
    <subfield code="a">(CKB)4100000010077918</subfield>
  </datafield>
  <datafield tag="035" ind1=" " ind2=" ">
    <subfield code="a">(OCoLC)1132281964</subfield>
    <subfield code="0">(uri) http://www.worldcat.org/oclc/1132281964</subfield>
  </datafield>
  <datafield tag="035" ind1=" " ind2=" ">
    <subfield code="a">(MdBmJHUP)muse83351</subfield>
  </datafield>
  <datafield tag="035" ind1=" " ind2=" ">
    <subfield code="a">(MiAaPQ)EBC6224814</subfield>
  </datafield>
  <datafield tag="035" ind1=" " ind2=" ">
    <subfield code="a">(EXLCZ)994100000010077918</subfield>
  </datafield>
  <datafield tag="040" ind1=" " ind2=" ">
    <subfield code="a">MiAaPQ</subfield>
    <subfield code="b">eng</subfield>
    <subfield code="e">rda</subfield>
    <subfield code="e">pn</subfield>
    <subfield code="c">MiAaPQ</subfield>
    <subfield code="d">MiAaPQ</subfield>
  </datafield>
  <datafield tag="050" ind1=" " ind2="4">
    <subfield code="a">PN6714</subfield>
    <subfield code="b">.U533 2019</subfield>
  </datafield>
  <datafield tag="082" ind1="0" ind2=" ">
    <subfield code="a">741.59</subfield>
    <subfield code="2">23</subfield>
  </datafield>
  <datafield tag="245" ind1="0" ind2="0">
    <subfield code="a">Uncanny bodies :</subfield>
    <subfield code="b">superhero comics and disability /</subfield>
    <subfield code="c">edited by Scott T. Smith and Jose&#x301; Alaniz.</subfield>
  </datafield>
  <datafield tag="264" ind1=" " ind2="1">
    <subfield code="a">University Park, Pennsylvania :</subfield>
    <subfield code="b">The Pennsylvania State University Press,</subfield>
    <subfield code="c">[2019]</subfield>
  </datafield>
  <datafield tag="264" ind1=" " ind2="4">
    <subfield code="c">&#xA9;2019</subfield>
  </datafield>
  <datafield tag="300" ind1=" " ind2=" ">
    <subfield code="a">1 online resource</subfield>
  </datafield>
  <datafield tag="336" ind1=" " ind2=" ">
    <subfield code="a">text</subfield>
    <subfield code="b">txt</subfield>
    <subfield code="2">rdacontent</subfield>
  </datafield>
  <datafield tag="337" ind1=" " ind2=" ">
    <subfield code="a">computer</subfield>
    <subfield code="b">c</subfield>
    <subfield code="2">rdamedia</subfield>
  </datafield>
  <datafield tag="338" ind1=" " ind2=" ">
    <subfield code="a">online resource</subfield>
    <subfield code="b">cr</subfield>
    <subfield code="2">rdacarrier</subfield>
  </datafield>
  <datafield tag="490" ind1="1" ind2=" ">
    <subfield code="a">Graphic medicine</subfield>
  </datafield>
  <datafield tag="520" ind1=" " ind2=" ">
    <subfield code="a">"Explores how superhero comics, with their creative fusions of fantasy and realism, provide a flexible visual form for engaging issues of disability and intersectional identity (race, class, gender, sexuality) as well as for imagining and valuing different physical and cognitive ways of being in the world"--Provided by publisher.</subfield>
  </datafield>
  <datafield tag="505" ind1="0" ind2=" ">
    <subfield code="a">Mechanical Boys" : Omega the Unknown on the Spectrum / Jose Alaniz -- Sane Superheroes : Mental Distress in the Gutters of Moon Knight / Charlie Christie -- Echo : The Silence Between the Notes / Sarah Bowden -- Mistress of Cyberspace : Oracle, Disability, and the Cyborg / Marit Hanson -- More than a Retcon Replacement : Disability, Blackness, and Sexuality in the Origin of Operator / Lauren O'Connor -- "Okay . . . This Looks Bad" : Disability, Masculinity, and Ambivalence in Matt Fraction and David Aja's Hawkeye / Daniel Pinti -- The deaf Issue : Hawkeye #19 and Deaf Accessibility in the Comics Medium / Naja Later -- That Hawkguy : Deaf and Disability Gain in Matt Fraction and David Aja's Hawkeye / Sarah Gibbons -- Dialectical Identity : Silver Scorpion as Disabled/Superhero / Deleasa Randall-Griffiths and Daniel J. O'Rourke -- "Of Course, I Am a Hero" : Disability as Posthuman Ideal in Cece Bell's El Deafo / Lauranne Poharec -- Unraveling the Supercrip : Superheroes as Subversion, a Personal Essay in Comic Form / Andrew Godfrey-Meers -- Fearsome Possibilities : An Afterword / Charles Hatfield.</subfield>
  </datafield>
  <datafield tag="504" ind1=" " ind2=" ">
    <subfield code="a">Includes bibliographical references and index.</subfield>
  </datafield>
  <datafield tag="588" ind1=" " ind2=" ">
    <subfield code="a">Description based on print version record.</subfield>
  </datafield>
  <datafield tag="650" ind1=" " ind2="0">
    <subfield code="a">Graphic novels</subfield>
    <subfield code="x">History and criticism.</subfield>
  </datafield>
  <datafield tag="655" ind1=" " ind2="4">
    <subfield code="a">Electronic books.</subfield>
  </datafield>
  <datafield tag="700" ind1="1" ind2=" ">
    <subfield code="a">Smith, Scott Thompson,</subfield>
    <subfield code="e">editor.</subfield>
  </datafield>
  <datafield tag="700" ind1="1" ind2=" ">
    <subfield code="a">Alaniz, Jose&#x301;,</subfield>
    <subfield code="e">editor.</subfield>
  </datafield>
  <datafield tag="776" ind1=" " ind2=" ">
    <subfield code="z">0-271-08474-X</subfield>
    <subfield code="0">(uri) http://www.isbnsearch.org/isbn/0-271-08474-X</subfield>
  </datafield>
  <datafield tag="830" ind1=" " ind2="0">
    <subfield code="a">Graphic medicine.</subfield>
  </datafield>
  <datafield tag="906" ind1=" " ind2=" ">
    <subfield code="a">BOOK</subfield>
  </datafield>
  <datafield tag="MBD" ind1=" " ind2=" ">
    <subfield code="M">49HBZ_NETWORK</subfield>
    <subfield code="i">99370763433806441</subfield>
    <subfield code="n">HBZ Network</subfield>
  </datafield>
  <datafield tag="MBD" ind1=" " ind2=" ">
    <subfield code="M">49HBZ_FHM</subfield>
    <subfield code="i">991006421689006485</subfield>
    <subfield code="n">FH / KA M&#xFC;nster</subfield>
  </datafield>
  <datafield tag="MBD" ind1=" " ind2=" ">
    <subfield code="M">49HBZ_ULM</subfield>
    <subfield code="i">991044860106206449</subfield>
    <subfield code="n">Universit&#xE4;t M&#xFC;nster</subfield>
  </datafield>
  <datafield tag="MBD" ind1=" " ind2=" ">
    <subfield code="M">49HBZ_BIE</subfield>
    <subfield code="i">991025836919806442</subfield>
    <subfield code="n">Universit&#xE4;t Bielefeld</subfield>
  </datafield>
  <datafield tag="MNG" ind1=" " ind2=" ">
    <subfield code="c">system</subfield>
    <subfield code="f">EBC</subfield>
    <subfield code="i">marc21</subfield>
    <subfield code="e">false</subfield>
    <subfield code="d">2022-03-29 00:06:46 Europe/Berlin</subfield>
    <subfield code="g">994100000010077918</subfield>
    <subfield code="a">CKB</subfield>
    <subfield code="b">2021-05-04 00:20:32 Europe/Berlin</subfield>
  </datafield>
  <datafield tag="POR" ind1=" " ind2=" ">
    <subfield code="j">Ebook Central</subfield>
    <subfield code="x">System</subfield>
    <subfield code="a">5347363540006485</subfield>
    <subfield code="h">fhms-ez</subfield>
    <subfield code="M">49HBZ_FHM</subfield>
    <subfield code="p">6140729030006485</subfield>
    <subfield code="q">Ebook Central Perpetual, DDA and Subscription Titles</subfield>
    <subfield code="c">param</subfield>
    <subfield code="o">614330000000000002</subfield>
    <subfield code="y">2022-07-08 13:12:06 Europe/Berlin</subfield>
    <subfield code="w">2022-07-08 13:12:00 Europe/Berlin</subfield>
    <subfield code="D">https://eu04.alma.exlibrisgroup.com/view/uresolver/49HBZ_NETWORK/openurl?u.ignore_date_coverage=true&amp;portfolio_pid=5347363540006485&amp;Force_direct=true</subfield>
    <subfield code="v">System</subfield>
    <subfield code="z">2022-07-08 11:12:00</subfield>
    <subfield code="i">true</subfield>
    <subfield code="S">6240729020006485</subfield>
    <subfield code="d">https://hbz-network.userservices.exlibrisgroup.com/view/uresolver/49HBZ_NETWORK/openurl?u.ignore_date_coverage=true&amp;rft.mms_id=991006421689006485</subfield>
    <subfield code="b">Available</subfield>
    <subfield code="f">BOOK</subfield>
    <subfield code="8">5347363540006485</subfield>
  </datafield>
  <datafield tag="POR" ind1=" " ind2=" ">
    <subfield code="j">EBSCOhost</subfield>
    <subfield code="x">System</subfield>
    <subfield code="a">53648029900006449</subfield>
    <subfield code="M">49HBZ_ULM</subfield>
    <subfield code="p">61631841720006449</subfield>
    <subfield code="q">Ebscohost Ebooks University Press Collection Worldwide</subfield>
    <subfield code="c">param</subfield>
    <subfield code="o">614930000000000024</subfield>
    <subfield code="y">2022-08-08 03:24:21 Europe/Berlin</subfield>
    <subfield code="w">2022-08-08 03:24:21 Europe/Berlin</subfield>
    <subfield code="D">https://eu04.alma.exlibrisgroup.com/view/uresolver/49HBZ_NETWORK/openurl?u.ignore_date_coverage=true&amp;portfolio_pid=53648029900006449&amp;Force_direct=true</subfield>
    <subfield code="v">electronic inventory creator</subfield>
    <subfield code="z">2022-08-08 01:24:21</subfield>
    <subfield code="i">false</subfield>
    <subfield code="S">62631841710006449</subfield>
    <subfield code="d">https://hbz-network.userservices.exlibrisgroup.com/view/uresolver/49HBZ_NETWORK/openurl?u.ignore_date_coverage=true&amp;rft.mms_id=991044860106206449</subfield>
    <subfield code="b">Available</subfield>
    <subfield code="f">BOOK</subfield>
    <subfield code="8">53648029900006449</subfield>
  </datafield>
  <datafield tag="POR" ind1=" " ind2=" ">
    <subfield code="j">EBSCOhost</subfield>
    <subfield code="x">System</subfield>
    <subfield code="a">53642731060006449</subfield>
    <subfield code="M">49HBZ_ULM</subfield>
    <subfield code="p">61631841660006449</subfield>
    <subfield code="q">EBSCOhost Ebook Academic Collection</subfield>
    <subfield code="c">param</subfield>
    <subfield code="o">613780000000000072</subfield>
    <subfield code="y">2022-07-29 18:24:15 Europe/Berlin</subfield>
    <subfield code="w">2022-07-29 18:24:15 Europe/Berlin</subfield>
    <subfield code="D">https://eu04.alma.exlibrisgroup.com/view/uresolver/49HBZ_NETWORK/openurl?u.ignore_date_coverage=true&amp;portfolio_pid=53642731060006449&amp;Force_direct=true</subfield>
    <subfield code="v">System</subfield>
    <subfield code="z">2022-07-29 16:24:15</subfield>
    <subfield code="i">false</subfield>
    <subfield code="S">62631841650006449</subfield>
    <subfield code="d">https://hbz-network.userservices.exlibrisgroup.com/view/uresolver/49HBZ_NETWORK/openurl?u.ignore_date_coverage=true&amp;rft.mms_id=991044860106206449</subfield>
    <subfield code="b">Available</subfield>
    <subfield code="f">BOOK</subfield>
    <subfield code="8">53642731060006449</subfield>
  </datafield>
  <datafield tag="POR" ind1=" " ind2=" ">
    <subfield code="j">Ebook Central</subfield>
    <subfield code="x">System</subfield>
    <subfield code="a">53634752800006449</subfield>
    <subfield code="M">49HBZ_ULM</subfield>
    <subfield code="p">61631841840006449</subfield>
    <subfield code="q">Ebook Central Academic Complete</subfield>
    <subfield code="c">param</subfield>
    <subfield code="o">614200000000000002</subfield>
    <subfield code="y">2022-07-29 11:18:12 Europe/Berlin</subfield>
    <subfield code="w">2022-07-29 11:18:12 Europe/Berlin</subfield>
    <subfield code="D">https://eu04.alma.exlibrisgroup.com/view/uresolver/49HBZ_NETWORK/openurl?u.ignore_date_coverage=true&amp;portfolio_pid=53634752800006449&amp;Force_direct=true</subfield>
    <subfield code="v">System</subfield>
    <subfield code="z">2022-07-29 09:18:12</subfield>
    <subfield code="i">false</subfield>
    <subfield code="S">62631841830006449</subfield>
    <subfield code="d">https://hbz-network.userservices.exlibrisgroup.com/view/uresolver/49HBZ_NETWORK/openurl?u.ignore_date_coverage=true&amp;rft.mms_id=991044860106206449</subfield>
    <subfield code="b">Available</subfield>
    <subfield code="f">BOOK</subfield>
    <subfield code="8">53634752800006449</subfield>
  </datafield>
  <datafield tag="POR" ind1=" " ind2=" ">
    <subfield code="j">EBSCOhost</subfield>
    <subfield code="x">System</subfield>
    <subfield code="a">53322962000006442</subfield>
    <subfield code="M">49HBZ_BIE</subfield>
    <subfield code="p">61317899290006442</subfield>
    <subfield code="r">EBSCO ebook Academic Collection und EBS</subfield>
    <subfield code="q">EBSCOhost Ebook Academic Collection Ebsco EBS 2022</subfield>
    <subfield code="c">param</subfield>
    <subfield code="o">613780000000000072</subfield>
    <subfield code="y">2022-01-12 15:52:45 Europe/Berlin</subfield>
    <subfield code="u">BIE-11998</subfield>
    <subfield code="w">2021-05-03 14:40:17 Europe/Berlin</subfield>
    <subfield code="D">https://eu04.alma.exlibrisgroup.com/view/uresolver/49HBZ_NETWORK/openurl?u.ignore_date_coverage=true&amp;portfolio_pid=53322962000006442&amp;Force_direct=true</subfield>
    <subfield code="s">EBSCO ebook Academic Collection with EBSCO eBook Selection (EBS)</subfield>
    <subfield code="v">System</subfield>
    <subfield code="z">2021-05-03 12:40:17</subfield>
    <subfield code="i">false</subfield>
    <subfield code="t">BIE-8906</subfield>
    <subfield code="S">62317899280006442</subfield>
    <subfield code="d">https://hbz-network.userservices.exlibrisgroup.com/view/uresolver/49HBZ_NETWORK/openurl?u.ignore_date_coverage=true&amp;rft.mms_id=991025836919806442</subfield>
    <subfield code="b">Available</subfield>
    <subfield code="f">BOOK</subfield>
    <subfield code="8">53322962000006442</subfield>
  </datafield>
</record>