
<record>
  <leader>02235nam a2200697 a 4500</leader>
  <controlfield tag="001">99370763882706441</controlfield>
  <controlfield tag="005">20220818183858.0</controlfield>
  <controlfield tag="008">150424s2000||||||||||eso|||||||||||eng||</controlfield>
  <datafield tag="020" ind1=" " ind2=" ">
    <subfield code="a">1-282-16374-4</subfield>
  </datafield>
  <datafield tag="020" ind1=" " ind2=" ">
    <subfield code="a">9786612163746</subfield>
  </datafield>
  <datafield tag="020" ind1=" " ind2=" ">
    <subfield code="a">90-272-9961-7</subfield>
  </datafield>
  <datafield tag="035" ind1=" " ind2=" ">
    <subfield code="a">(CKB)1000000000556106</subfield>
  </datafield>
  <datafield tag="035" ind1=" " ind2=" ">
    <subfield code="a">(OCoLC)70765802</subfield>
    <subfield code="0">(uri) http://www.worldcat.org/oclc/70765802</subfield>
  </datafield>
  <datafield tag="035" ind1=" " ind2=" ">
    <subfield code="a">(CaPaEBR)ebrary5000243</subfield>
  </datafield>
  <datafield tag="035" ind1=" " ind2=" ">
    <subfield code="a">(SSID)ssj0000281406</subfield>
  </datafield>
  <datafield tag="035" ind1=" " ind2=" ">
    <subfield code="a">(PQKBManifestationID)11205266</subfield>
  </datafield>
  <datafield tag="035" ind1=" " ind2=" ">
    <subfield code="a">(PQKBTitleCode)TC0000281406</subfield>
  </datafield>
  <datafield tag="035" ind1=" " ind2=" ">
    <subfield code="a">(PQKBWorkID)10318980</subfield>
  </datafield>
  <datafield tag="035" ind1=" " ind2=" ">
    <subfield code="a">(PQKB)10872464</subfield>
  </datafield>
  <datafield tag="035" ind1=" " ind2=" ">
    <subfield code="a">(MiAaPQ)EBC622791</subfield>
  </datafield>
  <datafield tag="035" ind1=" " ind2=" ">
    <subfield code="a">(EXLCZ)991000000000556106</subfield>
  </datafield>
  <datafield tag="040" ind1=" " ind2=" ">
    <subfield code="a">PQKB</subfield>
  </datafield>
  <datafield tag="041" ind1=" " ind2=" ">
    <subfield code="a">eng</subfield>
  </datafield>
  <datafield tag="050" ind1=" " ind2=" ">
    <subfield code="a">P326.G15 2000eb</subfield>
  </datafield>
  <datafield tag="082" ind1=" " ind2=" ">
    <subfield code="a">413/.028</subfield>
  </datafield>
  <datafield tag="100" ind1="1" ind2=" ">
    <subfield code="a">Coleman, Julie</subfield>
    <subfield code="e">Editor</subfield>
  </datafield>
  <datafield tag="110" ind1=" " ind2=" ">
    <subfield code="a">G.L. Brook Symposium</subfield>
    <subfield code="e">Corporate Author</subfield>
  </datafield>
  <datafield tag="245" ind1="1" ind2="0">
    <subfield code="a">Lexicology, Semantics and Lexicography : Selected Papers from the Fourth G.L. Brook Symposium, Manchester, August 1998</subfield>
    <subfield code="h">[electronic resource]</subfield>
  </datafield>
  <datafield tag="260" ind1=" " ind2=" ">
    <subfield code="a">Philadelphia, PA, USA</subfield>
    <subfield code="b">John Benjamins Publishing Company</subfield>
    <subfield code="c">20000701</subfield>
  </datafield>
  <datafield tag="264" ind1=" " ind2=" ">
    <subfield code="b">John Benjamins Publishing Company</subfield>
  </datafield>
  <datafield tag="300" ind1=" " ind2=" ">
    <subfield code="a">1 online resource (272 p.)</subfield>
  </datafield>
  <datafield tag="336" ind1=" " ind2=" ">
    <subfield code="a">text</subfield>
    <subfield code="b">txt</subfield>
  </datafield>
  <datafield tag="337" ind1=" " ind2=" ">
    <subfield code="a">computer</subfield>
    <subfield code="b">c</subfield>
  </datafield>
  <datafield tag="338" ind1=" " ind2=" ">
    <subfield code="a">online resource</subfield>
    <subfield code="b">cr</subfield>
  </datafield>
  <datafield tag="365" ind1=" " ind2=" ">
    <subfield code="b">165.0</subfield>
    <subfield code="c">USD</subfield>
    <subfield code="e">SUPO</subfield>
    <subfield code="j">US</subfield>
  </datafield>
  <datafield tag="365" ind1=" " ind2=" ">
    <subfield code="b">206.25</subfield>
    <subfield code="c">USD</subfield>
    <subfield code="e">3USER</subfield>
    <subfield code="j">US</subfield>
  </datafield>
  <datafield tag="365" ind1=" " ind2=" ">
    <subfield code="b">247.5</subfield>
    <subfield code="c">USD</subfield>
    <subfield code="e">MUPO</subfield>
    <subfield code="j">US</subfield>
  </datafield>
  <datafield tag="366" ind1=" " ind2=" ">
    <subfield code="a">SUPO</subfield>
    <subfield code="c">A</subfield>
  </datafield>
  <datafield tag="366" ind1=" " ind2=" ">
    <subfield code="a">3USER</subfield>
    <subfield code="c">A</subfield>
  </datafield>
  <datafield tag="366" ind1=" " ind2=" ">
    <subfield code="a">MUPO</subfield>
    <subfield code="c">A</subfield>
  </datafield>
  <datafield tag="490" ind1="0" ind2=" ">
    <subfield code="a">Amsterdam studies in the theory and history of linguistic science. Lexicology, semantics, and lexicography</subfield>
  </datafield>
  <datafield tag="592" ind1=" " ind2=" ">
    <subfield code="a">Y</subfield>
  </datafield>
  <datafield tag="594" ind1=" " ind2=" ">
    <subfield code="a">Y</subfield>
    <subfield code="b">Y</subfield>
    <subfield code="e">SUPO</subfield>
  </datafield>
  <datafield tag="594" ind1=" " ind2=" ">
    <subfield code="a">Y</subfield>
    <subfield code="b">Y</subfield>
    <subfield code="e">3USER</subfield>
  </datafield>
  <datafield tag="594" ind1=" " ind2=" ">
    <subfield code="a">Y</subfield>
    <subfield code="b">Y</subfield>
    <subfield code="e">MUPO</subfield>
  </datafield>
  <datafield tag="594" ind1=" " ind2=" ">
    <subfield code="a">Y</subfield>
    <subfield code="b">Y</subfield>
    <subfield code="e">PDA</subfield>
  </datafield>
  <datafield tag="594" ind1=" " ind2=" ">
    <subfield code="a">Y</subfield>
    <subfield code="b">Y</subfield>
    <subfield code="e">STL</subfield>
  </datafield>
  <datafield tag="500" ind1=" " ind2=" ">
    <subfield code="a">Bibliographic Level Mode of Issuance: Monograph</subfield>
  </datafield>
  <datafield tag="546" ind1=" " ind2=" ">
    <subfield code="a">English</subfield>
  </datafield>
  <datafield tag="650" ind1=" " ind2="7">
    <subfield code="a">LANGUAGE ARTS &amp; DISCIPLINES</subfield>
    <subfield code="2">bisac</subfield>
  </datafield>
  <datafield tag="650" ind1=" " ind2="7">
    <subfield code="a">Linguistics / General</subfield>
    <subfield code="2">bisac</subfield>
  </datafield>
  <datafield tag="650" ind1=" " ind2="0">
    <subfield code="a">Lexicology</subfield>
    <subfield code="v">Congresses</subfield>
  </datafield>
  <datafield tag="650" ind1=" " ind2="0">
    <subfield code="a">Semantics</subfield>
    <subfield code="v">Congresses</subfield>
  </datafield>
  <datafield tag="650" ind1=" " ind2="0">
    <subfield code="a">Lexicography</subfield>
    <subfield code="v">Congresses</subfield>
  </datafield>
  <datafield tag="650" ind1=" " ind2="7">
    <subfield code="a">Philology &amp; Linguistics</subfield>
    <subfield code="2">HILCC</subfield>
  </datafield>
  <datafield tag="650" ind1=" " ind2="7">
    <subfield code="a">Languages &amp; Literatures</subfield>
    <subfield code="2">HILCC</subfield>
  </datafield>
  <datafield tag="700" ind1="1" ind2=" ">
    <subfield code="a">COLEMAN, Julie.</subfield>
    <subfield code="e">Editor</subfield>
  </datafield>
  <datafield tag="700" ind1="1" ind2=" ">
    <subfield code="a">KAY, Christian J.</subfield>
    <subfield code="e">NS</subfield>
  </datafield>
  <datafield tag="711" ind1=" " ind2=" ">
    <subfield code="a">G.L. Brook Symposium</subfield>
  </datafield>
  <datafield tag="776" ind1=" " ind2=" ">
    <subfield code="z">1-55619-972-4</subfield>
    <subfield code="0">(uri) http://www.isbnsearch.org/isbn/1-55619-972-4</subfield>
  </datafield>
  <datafield tag="776" ind1=" " ind2=" ">
    <subfield code="z">90-272-3701-8</subfield>
    <subfield code="0">(uri) http://www.isbnsearch.org/isbn/90-272-3701-8</subfield>
  </datafield>
  <datafield tag="906" ind1=" " ind2=" ">
    <subfield code="a">BOOK</subfield>
  </datafield>
  <datafield tag="MBD" ind1=" " ind2=" ">
    <subfield code="M">49HBZ_NETWORK</subfield>
    <subfield code="i">99370763882706441</subfield>
    <subfield code="n">HBZ Network</subfield>
  </datafield>
  <datafield tag="MBD" ind1=" " ind2=" ">
    <subfield code="M">49HBZ_FHM</subfield>
    <subfield code="i">991006405493806485</subfield>
    <subfield code="n">FH / KA M&#xFC;nster</subfield>
  </datafield>
  <datafield tag="MBD" ind1=" " ind2=" ">
    <subfield code="M">49HBZ_ULM</subfield>
    <subfield code="i">991044873991306449</subfield>
    <subfield code="n">Universit&#xE4;t M&#xFC;nster</subfield>
  </datafield>
  <datafield tag="MBD" ind1=" " ind2=" ">
    <subfield code="M">49HBZ_BIE</subfield>
    <subfield code="i">991025837084406442</subfield>
    <subfield code="n">Universit&#xE4;t Bielefeld</subfield>
  </datafield>
  <datafield tag="MBD" ind1=" " ind2=" ">
    <subfield code="M">49HBZ_UDE</subfield>
    <subfield code="i">99206804974006446</subfield>
    <subfield code="n">Universit&#xE4;t Duisburg-Essen</subfield>
  </datafield>
  <datafield tag="MNG" ind1=" " ind2=" ">
    <subfield code="c">system</subfield>
    <subfield code="f">PQNKB</subfield>
    <subfield code="i">marc21</subfield>
    <subfield code="e">false</subfield>
    <subfield code="d">2022-08-20 00:38:40 Europe/Berlin</subfield>
    <subfield code="g">991000000000556106</subfield>
    <subfield code="a">CKB</subfield>
    <subfield code="b">2021-05-04 00:22:57 Europe/Berlin</subfield>
  </datafield>
  <datafield tag="POR" ind1=" " ind2=" ">
    <subfield code="j">Ebook Central</subfield>
    <subfield code="x">System</subfield>
    <subfield code="a">5342364760006485</subfield>
    <subfield code="h">fhms-ez</subfield>
    <subfield code="M">49HBZ_FHM</subfield>
    <subfield code="p">6140729030006485</subfield>
    <subfield code="q">Ebook Central Perpetual, DDA and Subscription Titles</subfield>
    <subfield code="c">param</subfield>
    <subfield code="o">614330000000000002</subfield>
    <subfield code="y">2022-07-08 12:29:16 Europe/Berlin</subfield>
    <subfield code="w">2022-07-08 12:29:07 Europe/Berlin</subfield>
    <subfield code="D">https://eu04.alma.exlibrisgroup.com/view/uresolver/49HBZ_NETWORK/openurl?u.ignore_date_coverage=true&amp;portfolio_pid=5342364760006485&amp;Force_direct=true</subfield>
    <subfield code="v">System</subfield>
    <subfield code="z">2022-07-08 10:29:07</subfield>
    <subfield code="i">true</subfield>
    <subfield code="S">6240729020006485</subfield>
    <subfield code="d">https://hbz-network.userservices.exlibrisgroup.com/view/uresolver/49HBZ_NETWORK/openurl?u.ignore_date_coverage=true&amp;rft.mms_id=991006405493806485</subfield>
    <subfield code="b">Available</subfield>
    <subfield code="f">BOOK</subfield>
    <subfield code="8">5342364760006485</subfield>
  </datafield>
  <datafield tag="POR" ind1=" " ind2=" ">
    <subfield code="j">Ebook Central</subfield>
    <subfield code="x">System</subfield>
    <subfield code="a">53639140850006449</subfield>
    <subfield code="M">49HBZ_ULM</subfield>
    <subfield code="p">61631841840006449</subfield>
    <subfield code="q">Ebook Central Academic Complete</subfield>
    <subfield code="c">param</subfield>
    <subfield code="o">614200000000000002</subfield>
    <subfield code="y">2022-07-29 15:11:09 Europe/Berlin</subfield>
    <subfield code="w">2022-07-29 15:11:08 Europe/Berlin</subfield>
    <subfield code="D">https://eu04.alma.exlibrisgroup.com/view/uresolver/49HBZ_NETWORK/openurl?u.ignore_date_coverage=true&amp;portfolio_pid=53639140850006449&amp;Force_direct=true</subfield>
    <subfield code="v">System</subfield>
    <subfield code="z">2022-07-29 13:11:08</subfield>
    <subfield code="i">false</subfield>
    <subfield code="S">62631841830006449</subfield>
    <subfield code="d">https://hbz-network.userservices.exlibrisgroup.com/view/uresolver/49HBZ_NETWORK/openurl?u.ignore_date_coverage=true&amp;rft.mms_id=991044873991306449</subfield>
    <subfield code="b">Available</subfield>
    <subfield code="f">BOOK</subfield>
    <subfield code="8">53639140850006449</subfield>
  </datafield>
  <datafield tag="POR" ind1=" " ind2=" ">
    <subfield code="j">EBSCOhost</subfield>
    <subfield code="x">System</subfield>
    <subfield code="a">53643672020006449</subfield>
    <subfield code="M">49HBZ_ULM</subfield>
    <subfield code="p">61631841660006449</subfield>
    <subfield code="q">EBSCOhost Ebook Academic Collection</subfield>
    <subfield code="c">param</subfield>
    <subfield code="o">613780000000000072</subfield>
    <subfield code="y">2022-07-29 19:15:10 Europe/Berlin</subfield>
    <subfield code="w">2022-07-29 19:15:10 Europe/Berlin</subfield>
    <subfield code="D">https://eu04.alma.exlibrisgroup.com/view/uresolver/49HBZ_NETWORK/openurl?u.ignore_date_coverage=true&amp;portfolio_pid=53643672020006449&amp;Force_direct=true</subfield>
    <subfield code="v">System</subfield>
    <subfield code="z">2022-07-29 17:15:10</subfield>
    <subfield code="i">false</subfield>
    <subfield code="S">62631841650006449</subfield>
    <subfield code="d">https://hbz-network.userservices.exlibrisgroup.com/view/uresolver/49HBZ_NETWORK/openurl?u.ignore_date_coverage=true&amp;rft.mms_id=991044873991306449</subfield>
    <subfield code="b">Available</subfield>
    <subfield code="f">BOOK</subfield>
    <subfield code="8">53643672020006449</subfield>
  </datafield>
  <datafield tag="POR" ind1=" " ind2=" ">
    <subfield code="j">EBSCOhost</subfield>
    <subfield code="x">System</subfield>
    <subfield code="a">53323069600006442</subfield>
    <subfield code="M">49HBZ_BIE</subfield>
    <subfield code="p">61317899290006442</subfield>
    <subfield code="r">EBSCO ebook Academic Collection und EBS</subfield>
    <subfield code="q">EBSCOhost Ebook Academic Collection Ebsco EBS 2022</subfield>
    <subfield code="c">param</subfield>
    <subfield code="o">613780000000000072</subfield>
    <subfield code="y">2022-01-12 15:55:10 Europe/Berlin</subfield>
    <subfield code="u">BIE-11998</subfield>
    <subfield code="w">2021-05-03 14:43:23 Europe/Berlin</subfield>
    <subfield code="D">https://eu04.alma.exlibrisgroup.com/view/uresolver/49HBZ_NETWORK/openurl?u.ignore_date_coverage=true&amp;portfolio_pid=53323069600006442&amp;Force_direct=true</subfield>
    <subfield code="s">EBSCO ebook Academic Collection with EBSCO eBook Selection (EBS)</subfield>
    <subfield code="v">System</subfield>
    <subfield code="z">2021-05-03 12:43:23</subfield>
    <subfield code="i">false</subfield>
    <subfield code="t">BIE-8906</subfield>
    <subfield code="S">62317899280006442</subfield>
    <subfield code="d">https://hbz-network.userservices.exlibrisgroup.com/view/uresolver/49HBZ_NETWORK/openurl?u.ignore_date_coverage=true&amp;rft.mms_id=991025837084406442</subfield>
    <subfield code="b">Available</subfield>
    <subfield code="f">BOOK</subfield>
    <subfield code="8">53323069600006442</subfield>
  </datafield>
  <datafield tag="POR" ind1=" " ind2=" ">
    <subfield code="j">John Benjamins Publishing</subfield>
    <subfield code="x">System</subfield>
    <subfield code="a">53448710470006446</subfield>
    <subfield code="M">49HBZ_UDE</subfield>
    <subfield code="k">Zugriff f&#xFC;r autorisierte Nutzer:innen</subfield>
    <subfield code="p">61448624900006446</subfield>
    <subfield code="q">John Benjamins (Zugriff bis 30.09.2023)</subfield>
    <subfield code="c">param</subfield>
    <subfield code="B">Bestellung unter LES John Benjamins EBS</subfield>
    <subfield code="o">613820000000000062</subfield>
    <subfield code="y">2021-09-30 10:39:59 Europe/Berlin</subfield>
    <subfield code="w">2021-09-30 10:39:59 Europe/Berlin</subfield>
    <subfield code="D">https://eu04.alma.exlibrisgroup.com/view/uresolver/49HBZ_NETWORK/openurl?u.ignore_date_coverage=true&amp;portfolio_pid=53448710470006446&amp;Force_direct=true</subfield>
    <subfield code="v">System</subfield>
    <subfield code="z">2021-09-30 08:39:59</subfield>
    <subfield code="i">false</subfield>
    <subfield code="S">62448624890006446</subfield>
    <subfield code="d">https://hbz-network.userservices.exlibrisgroup.com/view/uresolver/49HBZ_NETWORK/openurl?u.ignore_date_coverage=true&amp;rft.mms_id=99206804974006446</subfield>
    <subfield code="b">Available</subfield>
    <subfield code="f">BOOK</subfield>
    <subfield code="8">53448710470006446</subfield>
  </datafield>
</record>