
<record>
  <leader>00999nam#a2200301#cc4500</leader>
  <controlfield tag="005">20220512151400.0</controlfield>
  <controlfield tag="007">tu</controlfield>
  <controlfield tag="008">210528|2021####gw############|||#|#ger#c</controlfield>
  <controlfield tag="003">DE-605</controlfield>
  <controlfield tag="001">99370782520706441</controlfield>
  <datafield tag="020" ind1=" " ind2=" ">
    <subfield code="a">9783948683061</subfield>
    <subfield code="9">978-3-948-683-06-1</subfield>
    <subfield code="0">(uri) http://www.isbnsearch.org/isbn/9783948683061</subfield>
  </datafield>
  <datafield tag="020" ind1=" " ind2=" ">
    <subfield code="a">9783481042769</subfield>
    <subfield code="c">ISBN aufgeklebt</subfield>
    <subfield code="9">978-3-481-04276-9</subfield>
    <subfield code="0">(uri) http://www.isbnsearch.org/isbn/9783481042769</subfield>
  </datafield>
  <datafield tag="035" ind1=" " ind2=" ">
    <subfield code="a">(DE-605)HT020936481</subfield>
  </datafield>
  <datafield tag="040" ind1=" " ind2=" ">
    <subfield code="a">HBZ/ALMA-NZ</subfield>
    <subfield code="b">ger</subfield>
    <subfield code="c">DE-A96</subfield>
    <subfield code="d">743</subfield>
    <subfield code="e">rda</subfield>
    <subfield code="d">DE-605</subfield>
  </datafield>
  <datafield tag="041" ind1=" " ind2=" ">
    <subfield code="a">ger</subfield>
  </datafield>
  <datafield tag="044" ind1=" " ind2=" ">
    <subfield code="c">XA-DE</subfield>
  </datafield>
  <datafield tag="110" ind1="2" ind2=" ">
    <subfield code="a">Baukosteninformationszentrum Deutscher Architektenkammern</subfield>
    <subfield code="0">(DE-588)5253963-5</subfield>
    <subfield code="4">aut</subfield>
    <subfield code="9">O:H</subfield>
    <subfield code="0">(uri) https://portal.dnb.de/opac.htm?method=simpleSearch&amp;cqlMode=true&amp;query=idn=952415585</subfield>
    <subfield code="0">(uri) http://viaf.org/viaf/sourceID/DNB|952415585</subfield>
  </datafield>
  <datafield tag="245" ind1="1" ind2="0">
    <subfield code="a">BKI-Baukosten ... Neubau</subfield>
    <subfield code="n">2021</subfield>
    <subfield code="n">Teil 2</subfield>
    <subfield code="p">Statistische Kostenkennwerte f&#xFC;r Bauelemente</subfield>
    <subfield code="c">BKI, Baukosteninformationszentrum (Hrsg.)</subfield>
  </datafield>
  <datafield tag="264" ind1=" " ind2="1">
    <subfield code="c">2021</subfield>
  </datafield>
  <datafield tag="300" ind1=" " ind2=" ">
    <subfield code="a">612 Seiten</subfield>
    <subfield code="b">Illustrationen, Tabellen</subfield>
  </datafield>
  <datafield tag="336" ind1=" " ind2=" ">
    <subfield code="b">txt</subfield>
  </datafield>
  <datafield tag="337" ind1=" " ind2=" ">
    <subfield code="b">n</subfield>
  </datafield>
  <datafield tag="338" ind1=" " ind2=" ">
    <subfield code="b">nc</subfield>
  </datafield>
  <datafield tag="490" ind1="1" ind2=" ">
    <subfield code="a">BKI-Baukosten ... Neubau</subfield>
    <subfield code="v">2</subfield>
  </datafield>
  <datafield tag="773" ind1="0" ind2="8">
    <subfield code="w">(DE-605)HT018714597</subfield>
    <subfield code="q">2021,2</subfield>
  </datafield>
  <datafield tag="964" ind1="0" ind2="i">
    <subfield code="I">marc-FMT via MAB2MARC</subfield>
    <subfield code="F">FMT</subfield>
    <subfield code="A">BK</subfield>
  </datafield>
  <datafield tag="964" ind1="0" ind2="s">
    <subfield code="F">030</subfield>
    <subfield code="A">a|zur||||||||</subfield>
  </datafield>
  <datafield tag="964" ind1="0" ind2="s">
    <subfield code="F">050</subfield>
    <subfield code="A">a|a|||||||||||</subfield>
  </datafield>
  <datafield tag="035" ind1=" " ind2=" ">
    <subfield code="a">(DE-599)HBZHT020936481</subfield>
  </datafield>
  <datafield tag="MBD" ind1=" " ind2=" ">
    <subfield code="M">49HBZ_NETWORK</subfield>
    <subfield code="i">99370782520706441</subfield>
    <subfield code="n">HBZ Network</subfield>
  </datafield>
  <datafield tag="MBD" ind1=" " ind2=" ">
    <subfield code="M">49HBZ_FHA</subfield>
    <subfield code="i">991005837939006444</subfield>
    <subfield code="n">Hochschulbibliothek der FH Aachen</subfield>
  </datafield>
  <datafield tag="020" ind1=" " ind2=" ">
    <subfield code="a">9783948683061</subfield>
    <subfield code="9">978-3-948-683-06-1</subfield>
    <subfield code="M">49HBZ_FHA</subfield>
  </datafield>
  <datafield tag="020" ind1=" " ind2=" ">
    <subfield code="a">9783481042769</subfield>
    <subfield code="c">ISBN aufgeklebt</subfield>
    <subfield code="9">978-3-481-04276-9</subfield>
    <subfield code="M">49HBZ_FHA</subfield>
  </datafield>
  <datafield tag="110" ind1="2" ind2=" ">
    <subfield code="a">Baukosteninformationszentrum Deutscher Architektenkammern</subfield>
    <subfield code="0">(DE-588)5253963-5</subfield>
    <subfield code="4">aut</subfield>
    <subfield code="9">O:H</subfield>
    <subfield code="M">49HBZ_FHA</subfield>
  </datafield>
  <datafield tag="983" ind1=" " ind2=" ">
    <subfield code="b">XBS</subfield>
    <subfield code="9">local</subfield>
    <subfield code="M">49HBZ_FHA</subfield>
  </datafield>
  <datafield tag="989" ind1=" " ind2=" ">
    <subfield code="a">neu2105</subfield>
    <subfield code="9">local</subfield>
    <subfield code="M">49HBZ_FHA</subfield>
  </datafield>
  <datafield tag="MBD" ind1=" " ind2=" ">
    <subfield code="M">49HBZ_HBO</subfield>
    <subfield code="i">991000356449706454</subfield>
    <subfield code="n">Hochschule Bochum</subfield>
  </datafield>
  <datafield tag="020" ind1=" " ind2=" ">
    <subfield code="a">9783948683061</subfield>
    <subfield code="9">978-3-948-683-06-1</subfield>
    <subfield code="M">49HBZ_HBO</subfield>
  </datafield>
  <datafield tag="020" ind1=" " ind2=" ">
    <subfield code="a">9783481042769</subfield>
    <subfield code="c">ISBN aufgeklebt</subfield>
    <subfield code="9">978-3-481-04276-9</subfield>
    <subfield code="M">49HBZ_HBO</subfield>
  </datafield>
  <datafield tag="110" ind1="2" ind2=" ">
    <subfield code="a">Baukosteninformationszentrum Deutscher Architektenkammern</subfield>
    <subfield code="0">(DE-588)5253963-5</subfield>
    <subfield code="4">aut</subfield>
    <subfield code="9">O:H</subfield>
    <subfield code="M">49HBZ_HBO</subfield>
  </datafield>
  <datafield tag="981" ind1=" " ind2=" ">
    <subfield code="a">438995</subfield>
    <subfield code="9">LOCAL</subfield>
    <subfield code="M">49HBZ_HBO</subfield>
  </datafield>
  <datafield tag="987" ind1="1" ind2=" ">
    <subfield code="a">M</subfield>
    <subfield code="9">LOCAL</subfield>
    <subfield code="M">49HBZ_HBO</subfield>
  </datafield>
  <datafield tag="997" ind1=" " ind2=" ">
    <subfield code="a">20220512</subfield>
    <subfield code="9">LOCAL</subfield>
    <subfield code="M">49HBZ_HBO</subfield>
  </datafield>
  <datafield tag="MBD" ind1=" " ind2=" ">
    <subfield code="M">49HBZ_HSD</subfield>
    <subfield code="i">991004026569706455</subfield>
    <subfield code="n">Hochschule Duesseldorf</subfield>
  </datafield>
  <datafield tag="020" ind1=" " ind2=" ">
    <subfield code="a">9783948683061</subfield>
    <subfield code="9">978-3-948-683-06-1</subfield>
    <subfield code="M">49HBZ_HSD</subfield>
  </datafield>
  <datafield tag="020" ind1=" " ind2=" ">
    <subfield code="a">9783481042769</subfield>
    <subfield code="c">ISBN aufgeklebt</subfield>
    <subfield code="9">978-3-481-04276-9</subfield>
    <subfield code="M">49HBZ_HSD</subfield>
  </datafield>
  <datafield tag="110" ind1="2" ind2=" ">
    <subfield code="a">Baukosteninformationszentrum Deutscher Architektenkammern</subfield>
    <subfield code="0">(DE-588)5253963-5</subfield>
    <subfield code="4">aut</subfield>
    <subfield code="9">O:H</subfield>
    <subfield code="M">49HBZ_HSD</subfield>
  </datafield>
  <datafield tag="981" ind1=" " ind2=" ">
    <subfield code="a">754560</subfield>
    <subfield code="9">LOCAL</subfield>
    <subfield code="M">49HBZ_HSD</subfield>
  </datafield>
  <datafield tag="983" ind1=" " ind2=" ">
    <subfield code="a">XBS</subfield>
    <subfield code="9">LOCAL</subfield>
    <subfield code="M">49HBZ_HSD</subfield>
  </datafield>
  <datafield tag="987" ind1="1" ind2=" ">
    <subfield code="a">b</subfield>
    <subfield code="9">LOCAL</subfield>
    <subfield code="M">49HBZ_HSD</subfield>
  </datafield>
  <datafield tag="997" ind1=" " ind2=" ">
    <subfield code="a">20220512</subfield>
    <subfield code="9">LOCAL</subfield>
    <subfield code="M">49HBZ_HSD</subfield>
  </datafield>
  <datafield tag="MBD" ind1=" " ind2=" ">
    <subfield code="M">49HBZ_UBA</subfield>
    <subfield code="i">991013528409706448</subfield>
    <subfield code="n">RWTH Aachen</subfield>
  </datafield>
  <datafield tag="020" ind1=" " ind2=" ">
    <subfield code="a">9783948683061</subfield>
    <subfield code="9">978-3-948-683-06-1</subfield>
    <subfield code="M">49HBZ_UBA</subfield>
  </datafield>
  <datafield tag="020" ind1=" " ind2=" ">
    <subfield code="a">9783481042769</subfield>
    <subfield code="c">ISBN aufgeklebt</subfield>
    <subfield code="9">978-3-481-04276-9</subfield>
    <subfield code="M">49HBZ_UBA</subfield>
  </datafield>
  <datafield tag="110" ind1="2" ind2=" ">
    <subfield code="a">Baukosteninformationszentrum Deutscher Architektenkammern</subfield>
    <subfield code="0">(DE-588)5253963-5</subfield>
    <subfield code="4">aut</subfield>
    <subfield code="9">O:H</subfield>
    <subfield code="M">49HBZ_UBA</subfield>
  </datafield>
  <datafield tag="980" ind1="1" ind2=" ">
    <subfield code="e">HBZ</subfield>
    <subfield code="9">LOCAL</subfield>
    <subfield code="M">49HBZ_UBA</subfield>
  </datafield>
  <datafield tag="981" ind1=" " ind2=" ">
    <subfield code="a">(DE-82)3087799</subfield>
    <subfield code="9">LOCAL</subfield>
    <subfield code="M">49HBZ_UBA</subfield>
  </datafield>
  <datafield tag="997" ind1=" " ind2=" ">
    <subfield code="a">20210618</subfield>
    <subfield code="b">20220512</subfield>
    <subfield code="9">LOCAL</subfield>
    <subfield code="M">49HBZ_UBA</subfield>
  </datafield>
  <datafield tag="MBD" ind1=" " ind2=" ">
    <subfield code="M">49HBZ_UBD</subfield>
    <subfield code="i">991013500472206445</subfield>
    <subfield code="n">Technische Universit&#xE4;t Dortmund</subfield>
  </datafield>
  <datafield tag="020" ind1=" " ind2=" ">
    <subfield code="a">9783948683061</subfield>
    <subfield code="9">978-3-948-683-06-1</subfield>
    <subfield code="M">49HBZ_UBD</subfield>
  </datafield>
  <datafield tag="020" ind1=" " ind2=" ">
    <subfield code="a">9783481042769</subfield>
    <subfield code="c">ISBN aufgeklebt</subfield>
    <subfield code="9">978-3-481-04276-9</subfield>
    <subfield code="M">49HBZ_UBD</subfield>
  </datafield>
  <datafield tag="110" ind1="2" ind2=" ">
    <subfield code="a">Baukosteninformationszentrum Deutscher Architektenkammern</subfield>
    <subfield code="0">(DE-588)5253963-5</subfield>
    <subfield code="4">aut</subfield>
    <subfield code="9">O:H</subfield>
    <subfield code="M">49HBZ_UBD</subfield>
  </datafield>
  <datafield tag="MBD" ind1=" " ind2=" ">
    <subfield code="M">49HBZ_UDE</subfield>
    <subfield code="i">99206834293406446</subfield>
    <subfield code="n">Universit&#xE4;t Duisburg-Essen</subfield>
  </datafield>
  <datafield tag="020" ind1=" " ind2=" ">
    <subfield code="a">9783948683061</subfield>
    <subfield code="9">978-3-948-683-06-1</subfield>
    <subfield code="M">49HBZ_UDE</subfield>
  </datafield>
  <datafield tag="020" ind1=" " ind2=" ">
    <subfield code="a">9783481042769</subfield>
    <subfield code="c">ISBN aufgeklebt</subfield>
    <subfield code="9">978-3-481-04276-9</subfield>
    <subfield code="M">49HBZ_UDE</subfield>
  </datafield>
  <datafield tag="110" ind1="2" ind2=" ">
    <subfield code="a">Baukosteninformationszentrum Deutscher Architektenkammern</subfield>
    <subfield code="0">(DE-588)5253963-5</subfield>
    <subfield code="4">aut</subfield>
    <subfield code="9">O:H</subfield>
    <subfield code="M">49HBZ_UDE</subfield>
  </datafield>
  <datafield tag="MBD" ind1=" " ind2=" ">
    <subfield code="M">49HBZ_SIE</subfield>
    <subfield code="i">990203171780106462</subfield>
    <subfield code="n">Universit&#xE4;t Siegen</subfield>
  </datafield>
  <datafield tag="020" ind1=" " ind2=" ">
    <subfield code="a">9783948683061</subfield>
    <subfield code="9">978-3-948-683-06-1</subfield>
    <subfield code="M">49HBZ_SIE</subfield>
  </datafield>
  <datafield tag="020" ind1=" " ind2=" ">
    <subfield code="a">9783481042769</subfield>
    <subfield code="c">ISBN aufgeklebt</subfield>
    <subfield code="9">978-3-481-04276-9</subfield>
    <subfield code="M">49HBZ_SIE</subfield>
  </datafield>
  <datafield tag="110" ind1="2" ind2=" ">
    <subfield code="a">Baukosteninformationszentrum Deutscher Architektenkammern</subfield>
    <subfield code="0">(DE-588)5253963-5</subfield>
    <subfield code="4">aut</subfield>
    <subfield code="9">O:H</subfield>
    <subfield code="M">49HBZ_SIE</subfield>
  </datafield>
  <datafield tag="983" ind1=" " ind2=" ">
    <subfield code="b">XBR</subfield>
    <subfield code="9">LOCAL</subfield>
    <subfield code="M">49HBZ_SIE</subfield>
  </datafield>
  <datafield tag="MNG" ind1=" " ind2=" ">
    <subfield code="c">System</subfield>
    <subfield code="f">HBZ</subfield>
    <subfield code="i">marc21</subfield>
    <subfield code="h">20220512151400.0</subfield>
    <subfield code="k">01</subfield>
    <subfield code="e">false</subfield>
    <subfield code="d">2022-05-12 15:33:47 Europe/Berlin</subfield>
    <subfield code="g">99370782520706441</subfield>
    <subfield code="j">60</subfield>
    <subfield code="a">kowalewski######49HBZ_FHA</subfield>
    <subfield code="b">2021-05-28 12:09:51 Europe/Berlin</subfield>
  </datafield>
  <datafield tag="H52" ind1="8" ind2=" ">
    <subfield code="b">BAY</subfield>
    <subfield code="c">BAY_Frei</subfield>
    <subfield code="h">11 XBS 53-2021,2</subfield>
    <subfield code="8">2289819190006444</subfield>
  </datafield>
  <datafield tag="HOL" ind1=" " ind2=" ">
    <subfield code="d">2021-05-31 12:41:23</subfield>
    <subfield code="8">2289819190006444</subfield>
    <subfield code="b">2021-05-31 12:39:32</subfield>
    <subfield code="M">49HBZ_FHA</subfield>
    <subfield code="g">false</subfield>
    <subfield code="a">Acquisition (PO line POL21-870)</subfield>
    <subfield code="c">i.hahn</subfield>
  </datafield>
  <datafield tag="ITM" ind1=" " ind2=" ">
    <subfield code="H">2289819190006444</subfield>
    <subfield code="x">BAY_Frei</subfield>
    <subfield code="f">BOOK</subfield>
    <subfield code="v">BAY_Frei</subfield>
    <subfield code="X">exl_api</subfield>
    <subfield code="U">2021-05-31 12:00:00</subfield>
    <subfield code="Y">2022-06-10 08:13:58</subfield>
    <subfield code="M">49HBZ_FHA</subfield>
    <subfield code="s">1</subfield>
    <subfield code="d">8</subfield>
    <subfield code="V">Acquisition (PO line POL21-870)</subfield>
    <subfield code="b">11 XBS 53-2021,2</subfield>
    <subfield code="O">LabelPrinted: 10.06.2022 - 10:13 Uhr</subfield>
    <subfield code="a">2389819160006444</subfield>
    <subfield code="c">11 XBS 53-2021,2</subfield>
    <subfield code="S">POL21-870</subfield>
    <subfield code="W">2021-05-31</subfield>
    <subfield code="u">BAY</subfield>
    <subfield code="w">BAY</subfield>
  </datafield>
  <datafield tag="ITM" ind1=" " ind2=" ">
    <subfield code="H">2289819190006444</subfield>
    <subfield code="x">BAY_Frei</subfield>
    <subfield code="f">BOOK</subfield>
    <subfield code="v">BAY_Frei</subfield>
    <subfield code="X">gevers</subfield>
    <subfield code="U">2021-05-31 12:00:00</subfield>
    <subfield code="Y">2022-09-12 11:08:20</subfield>
    <subfield code="M">49HBZ_FHA</subfield>
    <subfield code="s">1</subfield>
    <subfield code="d">8</subfield>
    <subfield code="V">Acquisition (PO line POL21-870)</subfield>
    <subfield code="b">11 XBS 53-2021,2+1</subfield>
    <subfield code="O">LabelPrinted: 01.06.2021 - 14:02 Uhr</subfield>
    <subfield code="a">2389819170006444</subfield>
    <subfield code="c">11 XBS 53-2021,2</subfield>
    <subfield code="S">POL21-870</subfield>
    <subfield code="W">2021-05-31</subfield>
    <subfield code="u">BAY</subfield>
    <subfield code="w">BAY</subfield>
  </datafield>
  <datafield tag="ITM" ind1=" " ind2=" ">
    <subfield code="H">2289819190006444</subfield>
    <subfield code="x">BAY_Frei</subfield>
    <subfield code="f">BOOK</subfield>
    <subfield code="v">BAY_Frei</subfield>
    <subfield code="X">gevers</subfield>
    <subfield code="U">2021-05-31 12:00:00</subfield>
    <subfield code="Y">2022-06-14 07:46:32</subfield>
    <subfield code="M">49HBZ_FHA</subfield>
    <subfield code="s">1</subfield>
    <subfield code="d">8</subfield>
    <subfield code="V">Acquisition (PO line POL21-870)</subfield>
    <subfield code="b">11 XBS 53-2021,2+2</subfield>
    <subfield code="O">LabelPrinted: 01.06.2021 - 14:02 Uhr</subfield>
    <subfield code="a">2389819180006444</subfield>
    <subfield code="c">11 XBS 53-2021,2</subfield>
    <subfield code="S">POL21-870</subfield>
    <subfield code="W">2021-05-31</subfield>
    <subfield code="u">BAY</subfield>
    <subfield code="w">BAY</subfield>
  </datafield>
  <datafield tag="ITM" ind1=" " ind2=" ">
    <subfield code="H">2289819190006444</subfield>
    <subfield code="x">BAY_Frei</subfield>
    <subfield code="f">BOOK</subfield>
    <subfield code="v">BAY_Frei</subfield>
    <subfield code="X">gevers</subfield>
    <subfield code="U">2021-05-31 07:20:39</subfield>
    <subfield code="Y">2022-08-16 10:20:14</subfield>
    <subfield code="M">49HBZ_FHA</subfield>
    <subfield code="s">1</subfield>
    <subfield code="d">8</subfield>
    <subfield code="V">Acquisition (PO line POL21-870)</subfield>
    <subfield code="b">11 XBS 53-2021,2+3</subfield>
    <subfield code="O">LabelPrinted: 01.06.2021 - 14:02 Uhr</subfield>
    <subfield code="a">2389819140006444</subfield>
    <subfield code="c">11 XBS 53-2021,2</subfield>
    <subfield code="S">POL21-870</subfield>
    <subfield code="W">2021-05-31</subfield>
    <subfield code="u">BAY</subfield>
    <subfield code="w">BAY</subfield>
  </datafield>
  <datafield tag="ITM" ind1=" " ind2=" ">
    <subfield code="H">2289819190006444</subfield>
    <subfield code="x">BAY_Frei</subfield>
    <subfield code="f">BOOK</subfield>
    <subfield code="v">BAY_Frei</subfield>
    <subfield code="X">neidhoefer</subfield>
    <subfield code="U">2021-05-31 12:00:00</subfield>
    <subfield code="Y">2022-07-06 11:03:19</subfield>
    <subfield code="M">49HBZ_FHA</subfield>
    <subfield code="s">1</subfield>
    <subfield code="d">8</subfield>
    <subfield code="V">Acquisition (PO line POL21-870)</subfield>
    <subfield code="b">11 XBS 53-2021,2+4</subfield>
    <subfield code="O">LabelPrinted: 01.06.2021 - 14:02 Uhr</subfield>
    <subfield code="a">2389819150006444</subfield>
    <subfield code="c">11 XBS 53-2021,2</subfield>
    <subfield code="S">POL21-870</subfield>
    <subfield code="W">2021-05-31</subfield>
    <subfield code="u">BAY</subfield>
    <subfield code="w">BAY</subfield>
  </datafield>
  <datafield tag="ITM" ind1=" " ind2=" ">
    <subfield code="H">2289819190006444</subfield>
    <subfield code="x">BAY_Frei</subfield>
    <subfield code="f">BOOK</subfield>
    <subfield code="v">BAY_Frei</subfield>
    <subfield code="X">System</subfield>
    <subfield code="U">2021-06-07 12:00:00</subfield>
    <subfield code="Y">2022-04-25 09:53:04</subfield>
    <subfield code="M">49HBZ_FHA</subfield>
    <subfield code="s">1</subfield>
    <subfield code="d">8</subfield>
    <subfield code="V">Acquisition (PO line POL21-928)</subfield>
    <subfield code="b">11 XBS 53-2021,2+6</subfield>
    <subfield code="O">LabelPrinted: 08.06.2021 - 14:22 Uhr</subfield>
    <subfield code="a">2389949700006444</subfield>
    <subfield code="c">11 XBS 53-2021,2</subfield>
    <subfield code="S">POL21-928</subfield>
    <subfield code="W">2021-06-07</subfield>
    <subfield code="u">BAY</subfield>
    <subfield code="w">BAY</subfield>
  </datafield>
  <datafield tag="ITM" ind1=" " ind2=" ">
    <subfield code="H">2289819190006444</subfield>
    <subfield code="x">BAY_Frei</subfield>
    <subfield code="f">BOOK</subfield>
    <subfield code="v">BAY_Frei</subfield>
    <subfield code="X">neidhoefer</subfield>
    <subfield code="U">2021-06-07 12:00:00</subfield>
    <subfield code="Y">2022-07-13 06:38:05</subfield>
    <subfield code="M">49HBZ_FHA</subfield>
    <subfield code="s">1</subfield>
    <subfield code="d">8</subfield>
    <subfield code="V">Acquisition (PO line POL21-928)</subfield>
    <subfield code="b">11 XBS 53-2021,2+7</subfield>
    <subfield code="O">LabelPrinted: 08.06.2021 - 14:22 Uhr</subfield>
    <subfield code="a">2389949710006444</subfield>
    <subfield code="c">11 XBS 53-2021,2</subfield>
    <subfield code="S">POL21-928</subfield>
    <subfield code="W">2021-06-07</subfield>
    <subfield code="u">BAY</subfield>
    <subfield code="w">BAY</subfield>
  </datafield>
  <datafield tag="ITM" ind1=" " ind2=" ">
    <subfield code="H">2289819190006444</subfield>
    <subfield code="x">BAY_Frei</subfield>
    <subfield code="f">BOOK</subfield>
    <subfield code="v">BAY_Frei</subfield>
    <subfield code="X">ub1898e</subfield>
    <subfield code="U">2021-06-07 12:00:00</subfield>
    <subfield code="Y">2022-07-15 09:15:09</subfield>
    <subfield code="M">49HBZ_FHA</subfield>
    <subfield code="s">0</subfield>
    <subfield code="d">8</subfield>
    <subfield code="V">Acquisition (PO line POL21-928)</subfield>
    <subfield code="b">11 XBS 53-2021,2+12</subfield>
    <subfield code="O">LabelPrinted: 08.06.2021 - 14:22 Uhr</subfield>
    <subfield code="a">2389949690006444</subfield>
    <subfield code="c">11 XBS 53-2021,2</subfield>
    <subfield code="r">LOAN</subfield>
    <subfield code="S">POL21-928</subfield>
    <subfield code="W">2021-06-07</subfield>
    <subfield code="u">BAY</subfield>
    <subfield code="w">BAY</subfield>
  </datafield>
  <datafield tag="ITM" ind1=" " ind2=" ">
    <subfield code="H">2289819190006444</subfield>
    <subfield code="x">BAY_Frei</subfield>
    <subfield code="f">BOOK</subfield>
    <subfield code="v">BAY_Frei</subfield>
    <subfield code="X">gevers</subfield>
    <subfield code="U">2021-06-07 12:00:00</subfield>
    <subfield code="Y">2021-11-24 09:16:30</subfield>
    <subfield code="M">49HBZ_FHA</subfield>
    <subfield code="s">0</subfield>
    <subfield code="d">8</subfield>
    <subfield code="V">Acquisition (PO line POL21-928)</subfield>
    <subfield code="b">11 XBS 53-2021,2+5</subfield>
    <subfield code="O">LabelPrinted: 08.06.2021 - 14:22 Uhr</subfield>
    <subfield code="a">2389949680006444</subfield>
    <subfield code="c">11 XBS 53-2021,2</subfield>
    <subfield code="r">LOAN</subfield>
    <subfield code="S">POL21-928</subfield>
    <subfield code="W">2021-06-07</subfield>
    <subfield code="u">BAY</subfield>
    <subfield code="w">BAY</subfield>
  </datafield>
  <datafield tag="ITM" ind1=" " ind2=" ">
    <subfield code="H">2289819190006444</subfield>
    <subfield code="x">BAY_Frei</subfield>
    <subfield code="f">BOOK</subfield>
    <subfield code="v">BAY_Frei</subfield>
    <subfield code="X">neidhoefer</subfield>
    <subfield code="U">2021-06-07 12:00:00</subfield>
    <subfield code="Y">2022-05-03 07:54:40</subfield>
    <subfield code="M">49HBZ_FHA</subfield>
    <subfield code="s">0</subfield>
    <subfield code="d">8</subfield>
    <subfield code="V">Acquisition (PO line POL21-928)</subfield>
    <subfield code="b">11 XBS 53-2021,2+8</subfield>
    <subfield code="O">LabelPrinted: 08.06.2021 - 14:22 Uhr</subfield>
    <subfield code="a">2389949720006444</subfield>
    <subfield code="c">11 XBS 53-2021,2</subfield>
    <subfield code="r">LOAN</subfield>
    <subfield code="S">POL21-928</subfield>
    <subfield code="W">2021-06-07</subfield>
    <subfield code="u">BAY</subfield>
    <subfield code="w">BAY</subfield>
  </datafield>
  <datafield tag="ITM" ind1=" " ind2=" ">
    <subfield code="H">2289819190006444</subfield>
    <subfield code="x">BAY_Frei</subfield>
    <subfield code="f">BOOK</subfield>
    <subfield code="v">BAY_Frei</subfield>
    <subfield code="X">ib3852e</subfield>
    <subfield code="U">2021-06-07 12:00:00</subfield>
    <subfield code="Y">2022-05-09 10:17:41</subfield>
    <subfield code="M">49HBZ_FHA</subfield>
    <subfield code="s">1</subfield>
    <subfield code="d">8</subfield>
    <subfield code="V">Acquisition (PO line POL21-928)</subfield>
    <subfield code="b">11 XBS 53-2021,2+9</subfield>
    <subfield code="O">LabelPrinted: 08.06.2021 - 14:22 Uhr</subfield>
    <subfield code="a">2389949730006444</subfield>
    <subfield code="c">11 XBS 53-2021,2</subfield>
    <subfield code="S">POL21-928</subfield>
    <subfield code="W">2021-06-07</subfield>
    <subfield code="u">BAY</subfield>
    <subfield code="w">BAY</subfield>
  </datafield>
  <datafield tag="ITM" ind1=" " ind2=" ">
    <subfield code="H">2289819190006444</subfield>
    <subfield code="x">BAY_Frei</subfield>
    <subfield code="f">BOOK</subfield>
    <subfield code="v">BAY_Frei</subfield>
    <subfield code="X">neidhoefer</subfield>
    <subfield code="U">2021-06-07 12:00:00</subfield>
    <subfield code="Y">2022-07-11 11:47:02</subfield>
    <subfield code="M">49HBZ_FHA</subfield>
    <subfield code="s">1</subfield>
    <subfield code="d">8</subfield>
    <subfield code="V">Acquisition (PO line POL21-928)</subfield>
    <subfield code="b">11 XBS 53-2021,2+10</subfield>
    <subfield code="O">LabelPrinted: 08.06.2021 - 14:22 Uhr</subfield>
    <subfield code="a">2389949740006444</subfield>
    <subfield code="c">11 XBS 53-2021,2</subfield>
    <subfield code="S">POL21-928</subfield>
    <subfield code="W">2021-06-07</subfield>
    <subfield code="u">BAY</subfield>
    <subfield code="w">BAY</subfield>
  </datafield>
  <datafield tag="ITM" ind1=" " ind2=" ">
    <subfield code="H">2289819190006444</subfield>
    <subfield code="x">BAY_Frei</subfield>
    <subfield code="f">BOOK</subfield>
    <subfield code="v">BAY_Frei</subfield>
    <subfield code="X">mw4534e</subfield>
    <subfield code="U">2021-06-07 12:37:00</subfield>
    <subfield code="Y">2022-09-19 13:05:40</subfield>
    <subfield code="M">49HBZ_FHA</subfield>
    <subfield code="s">1</subfield>
    <subfield code="d">8</subfield>
    <subfield code="V">Acquisition (PO line POL21-928)</subfield>
    <subfield code="b">11 XBS 53-2021,2+11</subfield>
    <subfield code="O">LabelPrinted: 08.06.2021 - 14:22 Uhr</subfield>
    <subfield code="a">2389949750006444</subfield>
    <subfield code="c">11 XBS 53-2021,2</subfield>
    <subfield code="S">POL21-928</subfield>
    <subfield code="K">Leichte Besch&#xE4;digung am vorderen Einband (Knicke) direkt nach Eintreffen in Bib. 09.06.21 nei</subfield>
    <subfield code="W">2021-06-07</subfield>
    <subfield code="u">BAY</subfield>
    <subfield code="w">BAY</subfield>
  </datafield>
  <datafield tag="H52" ind1="8" ind2=" ">
    <subfield code="b">BOT</subfield>
    <subfield code="c">BOT_FREI</subfield>
    <subfield code="h">RS 87-2-2021</subfield>
    <subfield code="8">2213413840006454</subfield>
  </datafield>
  <datafield tag="HOL" ind1=" " ind2=" ">
    <subfield code="b">2022-07-24 08:41:37</subfield>
    <subfield code="8">2213413840006454</subfield>
    <subfield code="M">49HBZ_HBO</subfield>
    <subfield code="g">false</subfield>
    <subfield code="a">import</subfield>
  </datafield>
  <datafield tag="ITM" ind1=" " ind2=" ">
    <subfield code="H">2213413840006454</subfield>
    <subfield code="x">BOT_FREI</subfield>
    <subfield code="f">BOOK</subfield>
    <subfield code="v">BOT_FREI</subfield>
    <subfield code="p">NA</subfield>
    <subfield code="X">System</subfield>
    <subfield code="U">2022-07-17 10:59:00</subfield>
    <subfield code="Y">2022-07-24 08:42:31</subfield>
    <subfield code="h">false</subfield>
    <subfield code="n">RS 87-2-2021</subfield>
    <subfield code="P">Buch</subfield>
    <subfield code="Q">A</subfield>
    <subfield code="M">49HBZ_HBO</subfield>
    <subfield code="s">1</subfield>
    <subfield code="d">8</subfield>
    <subfield code="V">import</subfield>
    <subfield code="b">01383988</subfield>
    <subfield code="O">Lieferantencode: 108 | Kostenstelle: 1/QVMR | Erwerbungsdatum: 23.07.2021</subfield>
    <subfield code="N">Letzte R&#xFC;ckgabe: 011202896 am 02.03.2022  11:25:00</subfield>
    <subfield code="a">2313413830006454</subfield>
    <subfield code="c">RS 87-2-2021</subfield>
    <subfield code="B">A21/38</subfield>
    <subfield code="W">2022-07-24 08:41:37</subfield>
    <subfield code="u">BOT</subfield>
    <subfield code="w">BOT</subfield>
  </datafield>
  <datafield tag="H52" ind1="8" ind2=" ">
    <subfield code="b">cdd</subfield>
    <subfield code="c">HB</subfield>
    <subfield code="h">11 XBS 24 -2021,2,N</subfield>
    <subfield code="8">2232725600006455</subfield>
  </datafield>
  <datafield tag="HOL" ind1=" " ind2=" ">
    <subfield code="b">2022-08-09 09:18:41</subfield>
    <subfield code="8">2232725600006455</subfield>
    <subfield code="M">49HBZ_HSD</subfield>
    <subfield code="g">false</subfield>
    <subfield code="a">import</subfield>
  </datafield>
  <datafield tag="ITM" ind1=" " ind2=" ">
    <subfield code="H">2232725600006455</subfield>
    <subfield code="x">HB</subfield>
    <subfield code="f">BOOK</subfield>
    <subfield code="v">HB</subfield>
    <subfield code="p">N</subfield>
    <subfield code="X">System</subfield>
    <subfield code="U">2022-08-09 10:59:00</subfield>
    <subfield code="Y">2022-10-17 17:02:28</subfield>
    <subfield code="h">false</subfield>
    <subfield code="n">11 XBS 24 -2021,2,N</subfield>
    <subfield code="Q">028 - Architektur, Bildende Kunst, Photographie</subfield>
    <subfield code="M">49HBZ_HSD</subfield>
    <subfield code="s">0</subfield>
    <subfield code="d">8</subfield>
    <subfield code="V">import</subfield>
    <subfield code="b">031424901</subfield>
    <subfield code="O">Letzter Ausleiher: 9026115 am 17.01.2022  18:12:00</subfield>
    <subfield code="N">Haushaltskostenstelle: 1/21 | Medientyp: b</subfield>
    <subfield code="a">2332725590006455</subfield>
    <subfield code="R">arc - Architektur</subfield>
    <subfield code="c">11 XBS 24 -2021,2,N</subfield>
    <subfield code="r">LOAN</subfield>
    <subfield code="B">2021.01123</subfield>
    <subfield code="W">2022-08-09 09:18:41</subfield>
    <subfield code="u">cdd</subfield>
    <subfield code="w">cdd</subfield>
  </datafield>
  <datafield tag="H52" ind1="8" ind2=" ">
    <subfield code="b">LBS</subfield>
    <subfield code="c">0</subfield>
    <subfield code="8">22218957910006448</subfield>
  </datafield>
  <datafield tag="HOL" ind1=" " ind2=" ">
    <subfield code="b">2022-07-20 21:07:23</subfield>
    <subfield code="8">22218957910006448</subfield>
    <subfield code="M">49HBZ_UBA</subfield>
    <subfield code="g">false</subfield>
    <subfield code="a">import</subfield>
  </datafield>
  <datafield tag="H52" ind1="8" ind2=" ">
    <subfield code="b">ZB</subfield>
    <subfield code="c">MAGAZIN_3</subfield>
    <subfield code="8">22218957820006448</subfield>
  </datafield>
  <datafield tag="HOL" ind1=" " ind2=" ">
    <subfield code="d">2022-09-02 09:00:56</subfield>
    <subfield code="8">22218957820006448</subfield>
    <subfield code="b">2022-07-20 21:07:23</subfield>
    <subfield code="M">49HBZ_UBA</subfield>
    <subfield code="g">false</subfield>
    <subfield code="a">import</subfield>
    <subfield code="c">UBID-PPEME8J7</subfield>
  </datafield>
  <datafield tag="H52" ind1="8" ind2=" ">
    <subfield code="b">202</subfield>
    <subfield code="c">7</subfield>
    <subfield code="8">22218957800006448</subfield>
  </datafield>
  <datafield tag="HOL" ind1=" " ind2=" ">
    <subfield code="b">2022-07-20 21:07:23</subfield>
    <subfield code="8">22218957800006448</subfield>
    <subfield code="M">49HBZ_UBA</subfield>
    <subfield code="g">false</subfield>
    <subfield code="a">import</subfield>
  </datafield>
  <datafield tag="ITM" ind1=" " ind2=" ">
    <subfield code="H">22218957910006448</subfield>
    <subfield code="x">0</subfield>
    <subfield code="f">BOOK</subfield>
    <subfield code="v">0</subfield>
    <subfield code="p">Lehrbuch</subfield>
    <subfield code="X">System</subfield>
    <subfield code="U">2022-07-20 10:59:00</subfield>
    <subfield code="Y">2022-07-20 21:07:52</subfield>
    <subfield code="h">false</subfield>
    <subfield code="n">01:ZI 3850 0003-2021,2</subfield>
    <subfield code="G">1</subfield>
    <subfield code="M">49HBZ_UBA</subfield>
    <subfield code="s">1</subfield>
    <subfield code="d">8</subfield>
    <subfield code="V">import</subfield>
    <subfield code="L">Magazinetage: 0</subfield>
    <subfield code="b">ZI 3850 0003-2021,2=3</subfield>
    <subfield code="O">Ausleihz&#xE4;hler Migrationsjahr: 0 | Ausleihz&#xE4;hler Vor-Migrationsjahr: 0 | Ausleihz&#xE4;hler vorletztes Migrationsjahr: 0 | Vormerkz&#xE4;hler Migrationsjahr: 0 | Buchdaten-Aufnahmedatum: 2021-06-18</subfield>
    <subfield code="N">Fernleihkonditionen: 3</subfield>
    <subfield code="a">23218957880006448</subfield>
    <subfield code="t">8</subfield>
    <subfield code="W">2022-07-20 21:07:23</subfield>
    <subfield code="u">LBS</subfield>
    <subfield code="w">LBS</subfield>
  </datafield>
  <datafield tag="ITM" ind1=" " ind2=" ">
    <subfield code="H">22218957820006448</subfield>
    <subfield code="x">MAGAZIN_3</subfield>
    <subfield code="f">BOOK</subfield>
    <subfield code="v">MAGAZIN_3</subfield>
    <subfield code="p">Standard</subfield>
    <subfield code="X">UBID-3DY4W4FF</subfield>
    <subfield code="U">2022-07-20 09:01:24</subfield>
    <subfield code="Y">2022-09-16 06:17:50</subfield>
    <subfield code="h">false</subfield>
    <subfield code="n">(1)62276</subfield>
    <subfield code="G">1</subfield>
    <subfield code="M">49HBZ_UBA</subfield>
    <subfield code="s">1</subfield>
    <subfield code="d">8</subfield>
    <subfield code="V">import</subfield>
    <subfield code="b">(1)62276</subfield>
    <subfield code="O">Buchdaten-Aufnahmedatum: 2021-06-18</subfield>
    <subfield code="a">23218957810006448</subfield>
    <subfield code="t">8</subfield>
    <subfield code="B">2021-4231</subfield>
    <subfield code="W">2022-07-20 21:07:23</subfield>
    <subfield code="u">ZB</subfield>
    <subfield code="w">ZB</subfield>
  </datafield>
  <datafield tag="ITM" ind1=" " ind2=" ">
    <subfield code="H">22218957800006448</subfield>
    <subfield code="x">7</subfield>
    <subfield code="f">BOOK</subfield>
    <subfield code="v">7</subfield>
    <subfield code="p">Praesenzexemplar</subfield>
    <subfield code="X">System</subfield>
    <subfield code="U">2022-07-20 10:59:00</subfield>
    <subfield code="Y">2022-07-20 21:07:52</subfield>
    <subfield code="h">false</subfield>
    <subfield code="J">Steht im Lehrstuhl Immobilienprojektentwicklung</subfield>
    <subfield code="n">202:KC 700 BKI 2021 B F 2</subfield>
    <subfield code="G">1</subfield>
    <subfield code="M">49HBZ_UBA</subfield>
    <subfield code="s">1</subfield>
    <subfield code="d">8</subfield>
    <subfield code="V">import</subfield>
    <subfield code="L">Alternative Signatur: 202:ZI 3850 KC 700 BKI 2021 B F 2 | Magazinetage: 0</subfield>
    <subfield code="b">022844 211</subfield>
    <subfield code="O">Ausleihz&#xE4;hler Migrationsjahr: 0 | Ausleihz&#xE4;hler Vor-Migrationsjahr: 0 | Ausleihz&#xE4;hler vorletztes Migrationsjahr: 0 | Vormerkz&#xE4;hler Migrationsjahr: 0 | Buchdaten-Aufnahmedatum: 2021-07-29</subfield>
    <subfield code="N">Fernleihkonditionen: 3</subfield>
    <subfield code="a">23218957790006448</subfield>
    <subfield code="t">8</subfield>
    <subfield code="B">2112021-169</subfield>
    <subfield code="W">2022-07-20 21:07:23</subfield>
    <subfield code="u">202</subfield>
    <subfield code="w">202</subfield>
  </datafield>
  <datafield tag="ITM" ind1=" " ind2=" ">
    <subfield code="H">22218957910006448</subfield>
    <subfield code="x">0</subfield>
    <subfield code="f">BOOK</subfield>
    <subfield code="v">0</subfield>
    <subfield code="p">Lehrbuch</subfield>
    <subfield code="X">UBID-S84F9ZLC</subfield>
    <subfield code="U">2022-07-20 10:59:00</subfield>
    <subfield code="Y">2022-08-22 12:16:08</subfield>
    <subfield code="h">false</subfield>
    <subfield code="n">01:ZI 3850 0003-2021,2</subfield>
    <subfield code="G">1</subfield>
    <subfield code="M">49HBZ_UBA</subfield>
    <subfield code="s">1</subfield>
    <subfield code="d">8</subfield>
    <subfield code="V">import</subfield>
    <subfield code="L">Magazinetage: 0</subfield>
    <subfield code="b">ZI 3850 0003-2021,2=1</subfield>
    <subfield code="O">Ausleihz&#xE4;hler Migrationsjahr: 3 | Ausleihz&#xE4;hler Vor-Migrationsjahr: 1 | Ausleihz&#xE4;hler vorletztes Migrationsjahr: 0 | Vormerkz&#xE4;hler Migrationsjahr: 0 | vorletztes R&#xFC;ckgabedatum: 2022-03-24 | Buchdaten-Aufnahmedatum: 2021-06-18</subfield>
    <subfield code="N">Fernleihkonditionen: 3</subfield>
    <subfield code="a">23218957850006448</subfield>
    <subfield code="t">8</subfield>
    <subfield code="W">2022-07-20 21:07:23</subfield>
    <subfield code="u">LBS</subfield>
    <subfield code="w">LBS</subfield>
  </datafield>
  <datafield tag="ITM" ind1=" " ind2=" ">
    <subfield code="H">22218957910006448</subfield>
    <subfield code="x">0</subfield>
    <subfield code="f">BOOK</subfield>
    <subfield code="v">0</subfield>
    <subfield code="p">Lehrbuch</subfield>
    <subfield code="X">System</subfield>
    <subfield code="U">2022-07-20 10:59:00</subfield>
    <subfield code="Y">2022-07-20 21:07:52</subfield>
    <subfield code="h">false</subfield>
    <subfield code="n">01:ZI 3850 0003-2021,2</subfield>
    <subfield code="G">1</subfield>
    <subfield code="M">49HBZ_UBA</subfield>
    <subfield code="s">1</subfield>
    <subfield code="d">8</subfield>
    <subfield code="V">import</subfield>
    <subfield code="L">Magazinetage: 0</subfield>
    <subfield code="b">ZI 3850 0003-2021,2=5</subfield>
    <subfield code="O">Ausleihz&#xE4;hler Migrationsjahr: 0 | Ausleihz&#xE4;hler Vor-Migrationsjahr: 2 | Ausleihz&#xE4;hler vorletztes Migrationsjahr: 0 | Vormerkz&#xE4;hler Migrationsjahr: 0 | vorletztes R&#xFC;ckgabedatum: 2021-06-21 | Buchdaten-Aufnahmedatum: 2021-06-18</subfield>
    <subfield code="N">Fernleihkonditionen: 3</subfield>
    <subfield code="a">23218957840006448</subfield>
    <subfield code="t">8</subfield>
    <subfield code="W">2022-07-20 21:07:23</subfield>
    <subfield code="u">LBS</subfield>
    <subfield code="w">LBS</subfield>
  </datafield>
  <datafield tag="ITM" ind1=" " ind2=" ">
    <subfield code="H">22218957910006448</subfield>
    <subfield code="x">0</subfield>
    <subfield code="f">BOOK</subfield>
    <subfield code="v">0</subfield>
    <subfield code="p">Lehrbuch</subfield>
    <subfield code="X">System</subfield>
    <subfield code="U">2022-07-20 10:59:00</subfield>
    <subfield code="Y">2022-07-20 21:07:52</subfield>
    <subfield code="h">false</subfield>
    <subfield code="n">01:ZI 3850 0003-2021,2</subfield>
    <subfield code="G">1</subfield>
    <subfield code="M">49HBZ_UBA</subfield>
    <subfield code="s">1</subfield>
    <subfield code="d">8</subfield>
    <subfield code="V">import</subfield>
    <subfield code="L">Magazinetage: 0</subfield>
    <subfield code="b">ZI 3850 0003-2021,2=4</subfield>
    <subfield code="O">Ausleihz&#xE4;hler Migrationsjahr: 0 | Ausleihz&#xE4;hler Vor-Migrationsjahr: 0 | Ausleihz&#xE4;hler vorletztes Migrationsjahr: 0 | Vormerkz&#xE4;hler Migrationsjahr: 0 | Buchdaten-Aufnahmedatum: 2021-06-18</subfield>
    <subfield code="N">Fernleihkonditionen: 3</subfield>
    <subfield code="a">23218957830006448</subfield>
    <subfield code="t">8</subfield>
    <subfield code="W">2022-07-20 21:07:23</subfield>
    <subfield code="u">LBS</subfield>
    <subfield code="w">LBS</subfield>
  </datafield>
  <datafield tag="ITM" ind1=" " ind2=" ">
    <subfield code="H">22218957910006448</subfield>
    <subfield code="x">0</subfield>
    <subfield code="f">BOOK</subfield>
    <subfield code="v">0</subfield>
    <subfield code="p">Lehrbuch</subfield>
    <subfield code="X">UBID-S84F9ZLC</subfield>
    <subfield code="U">2022-07-20 10:59:00</subfield>
    <subfield code="Y">2022-08-29 05:41:29</subfield>
    <subfield code="h">false</subfield>
    <subfield code="n">01:ZI 3850 0003-2021,2</subfield>
    <subfield code="G">1</subfield>
    <subfield code="M">49HBZ_UBA</subfield>
    <subfield code="s">1</subfield>
    <subfield code="d">8</subfield>
    <subfield code="V">import</subfield>
    <subfield code="L">Magazinetage: 0</subfield>
    <subfield code="b">ZI 3850 0003-2021,2=2</subfield>
    <subfield code="O">Ausleihz&#xE4;hler Migrationsjahr: 1 | Ausleihz&#xE4;hler Vor-Migrationsjahr: 1 | Ausleihz&#xE4;hler vorletztes Migrationsjahr: 0 | Vormerkz&#xE4;hler Migrationsjahr: 0 | vorletztes R&#xFC;ckgabedatum: 2022-01-26 | Buchdaten-Aufnahmedatum: 2021-06-18</subfield>
    <subfield code="N">Fernleihkonditionen: 3</subfield>
    <subfield code="a">23218957870006448</subfield>
    <subfield code="t">8</subfield>
    <subfield code="W">2022-07-20 21:07:23</subfield>
    <subfield code="u">LBS</subfield>
    <subfield code="w">LBS</subfield>
  </datafield>
  <datafield tag="H52" ind1="8" ind2=" ">
    <subfield code="b">BR</subfield>
    <subfield code="c">Freihand</subfield>
    <subfield code="8">22212938780006445</subfield>
  </datafield>
  <datafield tag="HOL" ind1=" " ind2=" ">
    <subfield code="d">2021-07-09 10:19:40</subfield>
    <subfield code="8">22212938780006445</subfield>
    <subfield code="b">2021-07-09 10:19:28</subfield>
    <subfield code="M">49HBZ_UBD</subfield>
    <subfield code="g">false</subfield>
    <subfield code="a">DE1130000165088</subfield>
    <subfield code="c">DE1130000165088</subfield>
  </datafield>
  <datafield tag="ITM" ind1=" " ind2=" ">
    <subfield code="H">22212938780006445</subfield>
    <subfield code="x">Freihand</subfield>
    <subfield code="f">BOOK</subfield>
    <subfield code="v">Freihand</subfield>
    <subfield code="X">DE1130000165088</subfield>
    <subfield code="U">2021-07-20 09:38:40</subfield>
    <subfield code="Y">2022-07-11 09:38:41</subfield>
    <subfield code="n">Xn 16803-2</subfield>
    <subfield code="M">49HBZ_UBD</subfield>
    <subfield code="s">1</subfield>
    <subfield code="d">8</subfield>
    <subfield code="V">DE1130000165088</subfield>
    <subfield code="b">50000067433</subfield>
    <subfield code="a">23212938760006445</subfield>
    <subfield code="S">POL-1745</subfield>
    <subfield code="W">2021-07-09</subfield>
    <subfield code="u">BR</subfield>
    <subfield code="w">BR</subfield>
  </datafield>
  <datafield tag="H52" ind1="8" ind2=" ">
    <subfield code="b">E0001</subfield>
    <subfield code="c">E31</subfield>
    <subfield code="h">XBR2028-2021,2</subfield>
    <subfield code="8">22448939930006446</subfield>
  </datafield>
  <datafield tag="HOL" ind1=" " ind2=" ">
    <subfield code="d">2021-10-07 10:29:57</subfield>
    <subfield code="8">22448939930006446</subfield>
    <subfield code="b">2021-10-07 10:28:04</subfield>
    <subfield code="M">49HBZ_UDE</subfield>
    <subfield code="g">false</subfield>
    <subfield code="a">CE00001409</subfield>
    <subfield code="c">exl_api</subfield>
  </datafield>
  <datafield tag="ITM" ind1=" " ind2=" ">
    <subfield code="H">22448939930006446</subfield>
    <subfield code="x">EHA</subfield>
    <subfield code="f">BOOK</subfield>
    <subfield code="v">E31</subfield>
    <subfield code="X">System</subfield>
    <subfield code="U">2021-10-07 06:26:25</subfield>
    <subfield code="Y">2022-07-26 08:41:09</subfield>
    <subfield code="n">XBR2028-2021,2</subfield>
    <subfield code="P">21</subfield>
    <subfield code="M">49HBZ_UDE</subfield>
    <subfield code="s">0</subfield>
    <subfield code="d">8</subfield>
    <subfield code="V">CE00001409</subfield>
    <subfield code="b">DE00637881</subfield>
    <subfield code="a">23448939910006446</subfield>
    <subfield code="t">8</subfield>
    <subfield code="c">XBR2028-2021,2</subfield>
    <subfield code="r">LOAN</subfield>
    <subfield code="S">UB21-5008</subfield>
    <subfield code="W">2021-10-07</subfield>
    <subfield code="u">E0001</subfield>
    <subfield code="w">E0001</subfield>
  </datafield>
  <datafield tag="ITM" ind1=" " ind2=" ">
    <subfield code="H">22448939930006446</subfield>
    <subfield code="x">E31</subfield>
    <subfield code="f">BOOK</subfield>
    <subfield code="v">E31</subfield>
    <subfield code="X">5502470230006446</subfield>
    <subfield code="U">2021-10-07 10:49:15</subfield>
    <subfield code="Y">2022-07-05 09:27:52</subfield>
    <subfield code="n">XBR2028-2021,2+1</subfield>
    <subfield code="P">21</subfield>
    <subfield code="Q">BA</subfield>
    <subfield code="M">49HBZ_UDE</subfield>
    <subfield code="s">1</subfield>
    <subfield code="d">8</subfield>
    <subfield code="V">CE00001409</subfield>
    <subfield code="b">DE00637884</subfield>
    <subfield code="a">23448939860006446</subfield>
    <subfield code="t">8</subfield>
    <subfield code="c">XBR2028-2021,2</subfield>
    <subfield code="S">UB21-5009</subfield>
    <subfield code="W">2021-10-07</subfield>
    <subfield code="u">E0001</subfield>
    <subfield code="w">E0001</subfield>
  </datafield>
  <datafield tag="H52" ind1="8" ind2=" ">
    <subfield code="b">S0001</subfield>
    <subfield code="c">PB</subfield>
    <subfield code="8">2258786060006462</subfield>
  </datafield>
  <datafield tag="HOL" ind1=" " ind2=" ">
    <subfield code="b">2022-07-11 07:32:08</subfield>
    <subfield code="8">2258786060006462</subfield>
    <subfield code="M">49HBZ_SIE</subfield>
    <subfield code="g">false</subfield>
    <subfield code="a">import</subfield>
  </datafield>
  <datafield tag="ITM" ind1=" " ind2=" ">
    <subfield code="H">2258786060006462</subfield>
    <subfield code="x">PB</subfield>
    <subfield code="f">BOOK</subfield>
    <subfield code="v">PB</subfield>
    <subfield code="p">32</subfield>
    <subfield code="X">System</subfield>
    <subfield code="U">2021-06-14 10:59:00</subfield>
    <subfield code="Y">2022-07-11 07:33:02</subfield>
    <subfield code="h">false</subfield>
    <subfield code="n">52XBR5068-2021,2</subfield>
    <subfield code="P">62///1</subfield>
    <subfield code="M">49HBZ_SIE</subfield>
    <subfield code="s">1</subfield>
    <subfield code="d">8</subfield>
    <subfield code="V">import</subfield>
    <subfield code="L">uk</subfield>
    <subfield code="b">52XBR5068-2021,2</subfield>
    <subfield code="a">2358786050006462</subfield>
    <subfield code="t">8</subfield>
    <subfield code="R">Maintenance count: 002</subfield>
    <subfield code="S">238624</subfield>
    <subfield code="B">21/1947</subfield>
    <subfield code="D">20210622</subfield>
    <subfield code="W">2021-06-14 12:59:00</subfield>
    <subfield code="u">S0001</subfield>
    <subfield code="w">S0001</subfield>
  </datafield>
</record>