
<record>
  <leader>02218nas#a2200445#c#4500</leader>
  <controlfield tag="005">20220907160300.0</controlfield>
  <controlfield tag="007">tu</controlfield>
  <controlfield tag="008">991120m19801980be##|#p#######|####|ger#c</controlfield>
  <controlfield tag="003">DE-605</controlfield>
  <controlfield tag="001">990055713370206441</controlfield>
  <datafield tag="016" ind1="7" ind2=" ">
    <subfield code="a">01440785X</subfield>
    <subfield code="2">DE-101b</subfield>
  </datafield>
  <datafield tag="016" ind1="7" ind2=" ">
    <subfield code="a">796481-X</subfield>
    <subfield code="2">DE-600</subfield>
  </datafield>
  <datafield tag="035" ind1=" " ind2=" ">
    <subfield code="a">(DE-605)HT007015768</subfield>
  </datafield>
  <datafield tag="040" ind1=" " ind2=" ">
    <subfield code="a">9001</subfield>
    <subfield code="b">ger</subfield>
    <subfield code="c">DNB</subfield>
    <subfield code="d">9999</subfield>
    <subfield code="d">DE-605</subfield>
  </datafield>
  <datafield tag="041" ind1=" " ind2=" ">
    <subfield code="a">ger</subfield>
  </datafield>
  <datafield tag="044" ind1=" " ind2=" ">
    <subfield code="c">XA-BE</subfield>
  </datafield>
  <datafield tag="084" ind1=" " ind2=" ">
    <subfield code="a">320</subfield>
    <subfield code="q">DE-600</subfield>
    <subfield code="2">zdbs</subfield>
  </datafield>
  <datafield tag="110" ind1="2" ind2=" ">
    <subfield code="a">Europ&#xE4;ische Kommission</subfield>
    <subfield code="b">Zentraldienst Archiv-Dokumentation</subfield>
    <subfield code="0">(DE-588)1020273-0</subfield>
    <subfield code="4">aut</subfield>
    <subfield code="0">(uri) https://portal.dnb.de/opac.htm?method=simpleSearch&amp;cqlMode=true&amp;query=idn=00411891X</subfield>
    <subfield code="0">(uri) http://viaf.org/viaf/sourceID/DNB|00411891X</subfield>
  </datafield>
  <datafield tag="245" ind1="1" ind2="0">
    <subfield code="a">Dokumentationsbulletin / Kommission der Europ&#xE4;ischen Gemeinschaften, Zentraldienst Archiv, Dokumentation, Abteilung IX/C/3</subfield>
    <subfield code="b"> = Bulletin de renseignement documentaire / Commission des Communaut&#xE9;s Europ&#xE9;ennes, Service Central Archives-Documentation (SCAD), Division IX/C/3 = Bollettino di informazione documentaria / Commissione delle Comunit&#xE0; Europee, Servizio Centrale Archivi-Documentazione, Divisone IX/C/3</subfield>
    <subfield code="n">[...]</subfield>
    <subfield code="p">A</subfield>
    <subfield code="n">[...]</subfield>
    <subfield code="p">Sondernummer</subfield>
  </datafield>
  <datafield tag="246" ind1="1" ind2="1">
    <subfield code="a">Bulletin de renseignement documentaire / Commission des Communaut&#xE9;s Europ&#xE9;ennes, Service Central Archives-Documentation (SCAD), Division IX/C/3</subfield>
  </datafield>
  <datafield tag="246" ind1="1" ind2="1">
    <subfield code="a">Bollettino di informazione documentaria / Commissione delle Comunit&#xE0; Europee, Servizio Centrale Archivi-Documentazione, Divisone IX/C/3</subfield>
  </datafield>
  <datafield tag="246" ind1="3" ind2=" ">
    <subfield code="a">Bulletin de renseignement documentaire / Commission des Communaut&#xE9;s Europ&#xE9;ennes, Service Central Archives-Documentation (SCAD), Division IX/C/3</subfield>
  </datafield>
  <datafield tag="246" ind1="3" ind2=" ">
    <subfield code="a">Bollettino di informazione documentaria / Commissione delle Comunit&#xE0; Europee, Servizio Centrale Archivi-Documentazione, Divisone IX/C/3</subfield>
  </datafield>
  <datafield tag="246" ind1="3" ind2=" ">
    <subfield code="a">Dokumentationsbulletin / A / Sondernummer</subfield>
  </datafield>
  <datafield tag="246" ind1="3" ind2=" ">
    <subfield code="a">Documentatiebulletin</subfield>
  </datafield>
  <datafield tag="246" ind1="1" ind2=" ">
    <subfield code="i">Nebent.:</subfield>
    <subfield code="a">Documentatiebulletin</subfield>
  </datafield>
  <datafield tag="264" ind1="3" ind2="1">
    <subfield code="a">Luxembourg</subfield>
    <subfield code="b">Amt f&#xFC;r Amtl. Ver&#xF6;ff. d. Europ. Gemeinschaften</subfield>
    <subfield code="c">1980</subfield>
    <subfield code="3">1980</subfield>
  </datafield>
  <datafield tag="336" ind1=" " ind2=" ">
    <subfield code="b">txt</subfield>
  </datafield>
  <datafield tag="337" ind1=" " ind2=" ">
    <subfield code="b">n</subfield>
  </datafield>
  <datafield tag="338" ind1=" " ind2=" ">
    <subfield code="b">nc</subfield>
  </datafield>
  <datafield tag="362" ind1="0" ind2=" ">
    <subfield code="a">1980 nachgewiesen</subfield>
  </datafield>
  <datafield tag="363" ind1="0" ind2="0">
    <subfield code="8">1.1\x</subfield>
    <subfield code="i">1980</subfield>
  </datafield>
  <datafield tag="930" ind1=" " ind2=" ">
    <subfield code="l">A</subfield>
  </datafield>
  <datafield tag="930" ind1=" " ind2=" ">
    <subfield code="a">Sondernummer</subfield>
  </datafield>
  <datafield tag="035" ind1=" " ind2=" ">
    <subfield code="a">(DE-600)796481-X</subfield>
  </datafield>
  <datafield tag="035" ind1=" " ind2=" ">
    <subfield code="a">(DE-599)ZDB796481-X</subfield>
  </datafield>
  <datafield tag="964" ind1="0" ind2="i">
    <subfield code="I">marc-FMT via MAB2MARC</subfield>
    <subfield code="F">FMT</subfield>
    <subfield code="A">SE</subfield>
  </datafield>
  <datafield tag="964" ind1="0" ind2="s">
    <subfield code="F">030</subfield>
    <subfield code="A">a||u|||||||27</subfield>
  </datafield>
  <datafield tag="964" ind1="0" ind2="s">
    <subfield code="F">050</subfield>
    <subfield code="A">a|a|||||||||||</subfield>
  </datafield>
  <datafield tag="964" ind1="0" ind2="s">
    <subfield code="F">052</subfield>
    <subfield code="A">p||||||t|||||||</subfield>
  </datafield>
  <datafield tag="655" ind1=" " ind2="7">
    <subfield code="a">Zeitschrift</subfield>
    <subfield code="0">(DE-588)4067488-5</subfield>
    <subfield code="2">gnd-content</subfield>
  </datafield>
  <datafield tag="MBD" ind1=" " ind2=" ">
    <subfield code="M">49HBZ_NETWORK</subfield>
    <subfield code="i">990055713370206441</subfield>
    <subfield code="n">HBZ Network</subfield>
  </datafield>
  <datafield tag="MNG" ind1=" " ind2=" ">
    <subfield code="c">System</subfield>
    <subfield code="f">HBZ</subfield>
    <subfield code="i">marc21</subfield>
    <subfield code="h">20220907160300.0</subfield>
    <subfield code="k">01</subfield>
    <subfield code="e">false</subfield>
    <subfield code="d">2022-09-07 16:40:09 Europe/Berlin</subfield>
    <subfield code="g">005571337-HBZ01</subfield>
    <subfield code="j">90</subfield>
    <subfield code="a">import</subfield>
    <subfield code="b">2021-04-05 21:53:26 Europe/Berlin</subfield>
  </datafield>
</record>
</collection>
